2561 4251
733 170 843 211 ET
926 170 1196 213 ACTA

36 259 116 291 Arm.
126 253 169 287 D.

66 304 152 336 1393·

38 339 146 403 ξὶσὺῐαῐ..
447 337 475 365 ³¹1³
500 340 598 374 Ducis
620 340 724 373 Gelriae
742 342 973 388 Aequietantia.

37 423 143 482 atzam
186 423 408 486 Wlllielmus
420 427 615 470 Primogenitu{
634 424 815 466 Juliacenst's,
833 425 892 456 Dei
914 425 1032 467 Gratifi,
1050 429 1120 456 Dux
1140 427 1242 457 Gelriae

37 495 67 521 R.
86 500 112 518 ι.

296 465 329 495 &
344 464 454 496 Comes
470 464 657 503 Zutphamae,
678 463 740 494 No
749 473 801 494 Tu
811 472 838 493 M
857 473 876 494 F
885 474 930 494 ac
940 472 986 494 [Μ
995 473 1017 494 u
1028 474 1040 495 s
1059 466 1192 497 universis
1209 468 1243 497 &

184 503 298 544 fingulis
332 504 412 542 quod
425 515 458 542 a,
476 503 658 534 Serenissimo
671 501 821 540 Principe,
837 504 870 534 δε
885 503 1020 532 Domino
1035 512 1103 534 meo
1135 504 1244 534 Domi-

38 533 78 558 Ex
89 531 147 556 ‘4¹⁴’
185 553 227 574 no
240 527 397 582 Rycbardo,
413 541 473 573 Dei
490 540 598 580 gratia,
614 543 688 584 ‘Rege‘
706 540 821 584 Angliae
843 538 881 575 ὠ
896 543 1032 585 Franciae,
1050 542 1083 572 ὅτ.
1105 528 1242 586 Domino

39 575 102 605 ''g'‘
186 581 344 620 Hyberniae
380 591 429 619 per
451 590 549 610 manus
564 602 575 617 ,
592 578 689 608 ducem
710 579 800 609 nostri
816 577 975 610 Confiharu
992 581 1025 611 &
1048 579 1243 619 Cubicularu,

41 610 114 635 Penes
186 622 322 650 Hermani
335 604 366 649 d}
380 619 509 649 Mekeren
522 618 624 646 Udonis
638 617 794 654 recepimus
806 617 983 656 Qingentas
1007 618 1106 649 Libras
1128 619 1244 650 Sterlin-

39 648 142 673 came*
184 667 308 698 gorum,
324 668 378 696 pro
389 657 513 688 termino
525 654 599 686 Festi
610 653 745 685 Paschalis
759 658 890 696 proxime
905 656 1017 694 futuro,
1035 657 1118 687 nobis
1140 657 1245 687 debitas

40 686 110 759 fif·
125 691 151 710 ⁷²·
185 707 220 728 ex
234 698 359 766 Aug-ata,
364 705 413 736 per
425 693 538 725 dietum
553 693 719 725 Dominum
734 704 832 725 meum
845 693 961 735 Regem
974 695 1056 725 nobis
1069 696 1098 725 in
1115 694 1246 726 Feodum

184 745 278 804 εοῖἓὲ
289 746 391 811 qau'ibus
405 770 547 809 praedic'tis
561 770 734 811 Qingentis
747 771 858 810 Libris,
877 781 930 810 pro
948 770 1067 810 praefato
1084 771 1245 810 Termino,

187 813 305 849 Nobis,
323 819 354 841 ut
367 810 530 848 praefertur,
547 810 705 848 persolutis,
725 810 794 840 Nos
814 809 977 841 Contentos
998 810 1246 850 recognoscimus,

186 859 333 887 tenemus,
352 850 386 880 ὃς
399 849 637 887 pronunciamus,
655 858 705 886 per
721 847 883 880 Praesentes.

223 888 258 919 In
273 889 351 927 cujus
365 889 404 918 rei
419 886 636 918 Testimonium
651 886 781 926 Sigillum
797 886 928 918 nostrum
944 886 1131 919 Praesentibus
1142 886 1184 918 est
1196 896 1247 926 ap-

185 927 404 996 peggff.Anno
427 962 552 993 Domini
573 961 732 994 Millefimo
748 987 758 1001 ,
772 963 991 996 Trecentesimo
1007 987 1019 1004 ,
1042 958 1245 1004 Nonagefimo

186 1003 339 1042 Secundo,
356 1001 464 1032 Menfis
478 1001 577 1032 Martii
589 1001 636 1032 die
650 1002 784 1034 vicefimfi
797 1004 885 1034 tertia.

220 1082 276 1111 Per
289 1082 437 1110 Dominum
451 1081 571 1118 Ducem,
581 1078 758 1118 praefintibus
776 1079 808 1109 de
823 1079 931 1122 Confilio
946 1082 1086 1119 Dominis,
1103 1078 1146 1109 H.
1166 1077 1245 1110 Prae-

256 1117 351 1156 pofito
364 1117 463 1148 Sanffi
475 1117 624 1148 Salvatoris
635 1118 875 1158 Trajectanenfis,
893 1118 1075 1159 &johanne
1091 1117 1128 1150 de
1145 1116 1242 1149 Venlo

257 1159 390 1187 canonico
404 1157 501 1186 Sanc‘li
514 1159 637 1186 Servacii
650 1157 874 1198 Trajec‘i‘anenfis.

434 1287 529 1331 Super
547 1281 737 1318 Liberatione
754 1285 867 1331 Magni
882 1284 994 1331 Sigilli.

37 1363 113 1394 Ann-
127 1361 168 1394 D·
187 1367 390 1431 MEMOR
401 1376 550 1416 nNDUM
568 1367 645 1410 quod
654 1392 664 1408 ,
690 1367 825 1415 Vicefimo¹
837 1372 931 1410 quinto
951 1369 994 1399 ὥς
1012 1371 1117 1415 Martii
1130 1391 1141 1407 ,
1158 1371 1245 1414 Anno

37 1411 151 1469 ,42391361
177 1443 241 1484 fian
255 1409 424 1476 mfisvffssifli}
434 1407 908 1486 ,2253‘5255455‘12553323255555
910 1405 1187 1486 '2253555255552'5
1196 1415 1246 1474 ι’κίἶ

34 1483 64 1508 R·
81 1489 107 1507 2·
186 1483 301 1514 nerabili
317 1488 347 1515 in
368 1483 471 1524 Christo
491 1483 588 1523 Patri,
607 1484 666 1516 Th.
687 1485 910 1522 Archiepiscopo
933 1483 1065 1514 Eborum
1079 1481 1245 1513 Cancellario

35 1518 123 1554 Cl‘ws-
186 1522 301 1559 Angliae
316 1522 391 1563 quud
402 1525 538 1561 Magnum
553 1523 677 1561 Sigillum
690 1523 766 1564 ipsius
780 1525 891 1553 Domini
905 1525 983 1560 Regis
992 1545 1001 1560 ,
1019 1525 1049 1551 in
1064 1520 1244 1561 Custodiasua

43 1558 122 1584 1⁶-R-
140 1566 165 1585 2-
185 1559 272 1590 adhuc
289 1565 336 1591 exi
357 1572 422 1600 ens,
436 1562 564 1601 Johanni
581 1562 617 1592 de
636 1561 746 1592 Burton
766 1560 872 1601 custodi
889 1559 1046 1590 Rutulorum
1065 1559 1243 1590 Cancellariae

39 1605 74 1623 m.
87 1596 145 1632 9·d·
175 1597 254 1638 fieae,
273 1598 312 1634 &³
342 1601 448 1630 ohanni
466 1599 501 1630 de
518 1599 661 1630 Ravenser
678 1598 783 1640 custodi
797 1601 952 1639 Hanaperii
965 1597 1079 1638 ejusdem
1100 1598 1243 1629 Cancella-

28 3239 125 3268 *VIL

27 3287 94 3315 743·

26 3351 103 3383 Ann.
117 3354 159 3385 D.

48 3400 133 3433 1393·

25 3433 78 3459 An.
99 3434 141 3461 16.

27 3473 49 3496 R
77 3480 91 3497 2

29 3490 85 3536 Pin.
96 3491 158 3538 ·Ca-

31 3554 91 3575 mer.

184 1637 647 1716 rlaclizxyssogfffflzlgl‘jnper
664 1675 742 1707 aliud
750 1678 843 1707 Breve
852 1676 934 1716 suum
946 1676 977 1706 de
994 1677 1115 1705 Privato
1136 1674 1244 1714 sigillo,

182 1717 213 1744 in
230 1713 336 1744 Filatiis
352 1714 385 1744 de
400 1714 446 1744 hoc
469 1717 554 1746 Anno
575 1714 687 1756 rqfidens
701 1738 711 1754 ,
728 1721 893 1754 praeceperat
911 1713 1006 1753 eisdem
1019 1737 1029 1752 ,
1053 1713 1183 1753 Johanni
1202 1711 1240 1748 &-

180 1750 310 1791 Johanni
347 1752 422 1793 quud
437 1752 558 1791 Sigillum
569 1754 730 1792 praediolum
743 1765 760 1782 a
769 1751 890 1793 praefato
904 1752 1070 1783 Cancellario
1085 1756 1246 1791 reciperent,

182 1789 222 1825 ῤ’
236 1776 396 1831 custodirent
409 1792 538 1832 quousque
554 1791 634 1822 aliud
645 1794 786 1822 aDomino
799 1794 868 1829 Rege
883 1792 944 1822 inde
958 1791 1102 1821 habuerint
1118 1794 1146 1820 in
1155 1793 1242 1821 Man-

182 1829 272 1867 datis,
285 1829 431 1870 figillando
448 1841 505 1860 cum
519 1831 590 1861 disto
609 1829 717 1869 sigillo,
736 1837 851 1869 tempore
871 1841 922 1870 quo
943 1830 1043 1859 dic‘lum
1063 1828 1186 1867 Sigillum
1202 1828 1243 1869 fic

182 1867 328 1903 habuerint
348 1872 378 1899 in
401 1868 525 1908 Custodia
539 1869 610 1908 sua,
628 1867 698 1899 illud
710 1870 781 1909 quod
793 1868 830 1908 est
845 1868 876 1898 de
893 1871 1019 1898 communi
1034 1868 1118 1908 Curfic
1134 1867 1244 1897 Cancel-

181 1904 263 1936 lariae
274 1908 431 1976 Ρνιεᾶἷὶἶιε,
448 1918 480 1937 ac
503 1911 587 1938 etiam
609 1906 681 1938 illud
694 1907 766 1948 quod
777 1910 897 1946 pertinet
909 1906 948 1937 ad
961 1910 1130 1937 Communem
1144 1909 1243 1945 Legem

182 1947 222 1977 Re
240 1948 268 1974 ni
282 1949 335 1975 An
363 1949 413 1976 iae:

219 1956 309 2024 {Quod
318 1957 422 2026 qiidem
436 1984 574 2024 Sigillum,
591 1988 620 2014 in
635 1984 754 2025 quadam
767 1984 849 2023 Baga
863 1984 895 2015 de
914 1987 1007 2023 Corio,
1019 1983 1072 2024 sub
1090 1983 1181 2021 Sigillo
1203 1987 1243 2022 ip-

174 2020 233 2064 fius
246 2023 528 2063 Cancellariistgnata'
544 2022 687 2063 incluficm,
706 2023 792 2054 didus
807 2022 1005 2060 cancellarius,
1023 2021 1143 2062 vicefimo
1161 2023 1243 2061 sexto

180 2061 224 2091 die
239 2065 360 2101 Martii,
378 2064 465 2092 Anno
471 2059 620 2101 praefi’nti,
638 2066 673 2104 inx
681 2062 801 2101 Hospitio
808 2061 859 2101 fico
867 2063 957 2101 juxta
971 2060 1241 2102 Wstmonasterium,

177 2099 321 2139 Praefatis,
340 2100 470 2140 Johanni
483 2100 521 2137 ό·
535 2100 665 2140 Johanni
678 2125 688 2140 ,
704 2100 838 2131 liberavit
847 2112 856 2130 .-

218 2138 281 2180 Qi
293 2139 415 2178 Sigillum
429 2135 513 2179 illud,
531 2140 571 2169 ad
579 2138 747 2169 Mandatum
763 2143 878 2177 regium,
897 2145 1063 2177 receperunt:

217 2182 266 2208 Ac
283 2179 353 2208 idem
370 2178 514 2217 johannes
533 2178 570 2208 de
588 2178 696 2209 Burton
716 2177 836 2217 Sigillum
851 2178 1013 2217 praedictum
1037 2177 1078 2206 ad
1087 2176 1240 2217 Hospitium

173 2214 256 2256 suum
270 2215 461 2257 Converfhrum
477 2215 577 2259 a'eftrri
583 2216 672 2256 fecit:

219 2257 263 2285 Et
272 2254 452 2297 postmodum,
470 2257 512 2286 die
519 2255 643 2296 sequenti
665 2254 816 2294 (videlicet)
838 2253 964 2296 Vicesimo
977 2253 1090 2294 septimo
1101 2254 1143 2285 die
1158 2257 1241 2284 Mar-

179 2296 230 2333 tii,
242 2295 383 2332 praedic‘li,
397 2294 541 2333 Johannes
556 2295 589 2325 &c
600 2294 840 2334 johannes,apud
854 2293 1126 2335 Wstmonaflerium,
1145 2296 1175 2323 in
1183 2293 1241 2323 Al-

180 2331 217 2366 ba
234 2332 318 2362 Aula
334 2356 344 2372 ,
369 2337 399 2363 in
420 2333 535 2373 quodam
560 2333 614 2364 loco
632 2342 681 2372 pro
705 2332 874 2363 Cancellaria
895 2333 1020 2362 ordinato
1033 2354 1042 2370 ,
1061 2330 1241 2372 praeftntibus

180 2367 300 2402 Thoma
312 2372 348 2403 de
362 2371 565 2411 Newenham,
583 2372 716 2403 Roberto
738 2371 774 2403 de
795 2372 961 2410 Faryngton
986 2370 1119 2409 Johanne
1131 2370 1241 2410 Scarle,

177 2403 299 2441 Thoma
315 2410 351 2441 de
368 2405 516 2451 Midelton
527 2433 537 2449 ,
562 2410 682 2441 Thoma
699 2410 734 2441 de
752 2410 863 2450 Stanley
877 2433 887 2448 ,
904 2408 943 2445 ᾤ’
959 2395 1091 2449 johanne
1108 2409 1145 2440 de
1168 2406 1237 2440 Fol-

178 2446 340 2488 kyngham,
358 2448 482 2489 clericis,
500 2461 532 2479 ac
545 2449 605 2479 aliis
617 2448 833 2489 quampluribus,
847 2447 907 2479 tum
921 2447 1044 2485 Clericis,
1062 2447 1144 2488 quum
1166 2450 1239 2478 Lai-

250 2487 346 2517 ibidem
359 2487 541 2526 praesentibus
558 2486 597 2524 ὦ·
618 2486 866 2528 circumstantibus,
884 2489 990 2524 Bagam
1002 2487 1180 2526 praedic‘lam,
1197 2490 1240 2517 Si-

253 2525 366 2564 ejusdem
376 2526 544 2566 ,Cancellarii
551 2526 589 2567 fic
603 2526 760 2566 fignatam,
777 2529 892 2565 aperiri,
910 2526 949 2561 ό

179 2561 218 2597 &⁴
240 2575 297 2594 cum
318 2576 350 2594 ea
372 2567 486 2595 Literax
504 2568 634 2595 Patentes
654 2563 692 2599 &²
714 2568 821 2594 Brevia
836 2563 971 2602 Sigillari,
989 2563 1045 2602 (θ’,
1069 2563 1122 2593 hiis
1130 2563 1238 2603 fac'lis,

178 2601 281 2631 dicrum
294 2602 415 2640 Sigillum
428 2606 456 2632 in
469 2602 576 2641 Bagam
586 2603 746 2642 praedic‘lam
760 2602 876 2641 recludi,
893 2603 931 2638 ῤ’
945 2607 1053 2639 Bagam
1067 2601 1144 2632 illam
1158 2603 1238 2640 Sigil-

177 2635 210 2669 lis
221 2640 280 2679 ficis
291 2640 396 2680 fignari
408 2641 554 2681 fecerunt:
576 2640 614 2676 (ᾤ’
632 2641 667 2681 fic
680 2640 840 2681 succeffive,
858 2642 889 2670 de
911 2642 952 2671 die
974 2645 1004 2671 in
1025 2641 1113 2680 diem,
1129 2653 1161 2670 ea
1176 2652 1236 2681 quae

169 2677 290 2718 fuerunt
303 2679 452 2717 Sigillanda
461 2703 470 2719 ,
489 2685 519 2710 in
532 2681 606 2710 dicia
623 2677 703 2710 Alba
718 2679 817 2720 Aula,
833 2684 862 2710 in
876 2681 963 2710 eodem
978 2679 1030 2709 loco
1039 2701 1049 2717 ,
1063 2687 1112 2718 pro
1126 2679 1235 2709 Cancel-

176 2716 248 2746 laria
264 2719 406 2756 ordinato,
425 2722 452 2747 in
459 2718 605 2758 praefintia
627 2718 785 2748 clericorum
806 2718 978 2748 Cancellariae
993 2719 1151 2756 praediclae,
1160 2717 1235 2757 fece-

176 2762 243 2784 rant
252 2755 369 2795 figillari
383 2758 462 2796 usque
475 2757 527 2787 diei
539 2756 671 2794 Sabbati,
685 2755 809 2795 proximu
830 2764 895 2786 ante
919 2755 1023 2796 Festum
1043 2757 1137 2786 sancii
1151 2759 1235 2786 Geor-

173 2796 214 2831 gii
228 2796 357 2824 Martiris
369 2801 432 2824 tunc
440 2794 566 2833 proximu
575 2794 705 2835 sequens,
723 2797 830 2824 Horam
843 2798 971 2825 Sextam:

214 2831 279 2870 ἐρα
290 2833 348 2871 die,
367 2836 435 2863 circa
449 2835 555 2863 Horam
568 2833 712 2872 Qartam
722 2841 757 2871 po
798 2835 926 2872 Nonam,
938 2831 1073 2874 praefati,
1088 2831 1233 2872 Johannes

175 2869 380 2910 &johannes,
397 2872 499 2901 dicfz‘um
521 2875 654 2910 Magnum
672 2871 739 2909 Sigil
749 2883 809 2910 um,
828 2875 857 2901 in
878 2874 958 2910 Baga
969 2873 1120 2911 praedicta,
1134 2872 1232 2909 Sigillis

169 2907 233 2949 five
248 2911 360 2945 Signetis
371 2909 484 2949 ipJorum
495 2909 636 2948 Johannis
650 2909 688 2946 ό
702 2909 978 2950 Johannisfignata,
995 2910 1066 2940 inclu
1078 2911 1122 2940 um
1132 2911 1232 2950 ,eidem

174 2946 359 2986 cancellario,
377 2951 407 2978 in
424 2950 542 2988 quadam
565 2949 688 2978 Privata
709 2952 823 2978 Canu-ra
836 2950 891 2989 sua
914 2949 1030 2988 Hospitii
1054 2952 1080 2978 ui
1090 2950 1232 2987 praedic‘li,

178 2496 214 2516 tls

175 2509 241 2562 gillo

969 2524 1090 2562 Sigillum
1109 2525 1220 2555 extrahi
1227 2548 1238 2565 ,

167 2992 309 3023 praetextu
321 2988 500 3026 quarumdam
514 2990 675 3017 Literarum
689 2985 754 3016 didi
769 2989 881 3017 Domini
896 2986 975 3028 nostri
988 2990 1065 3024 Regis
1079 2988 1111 3016 de
1126 2990 1231 3018 Priva-

173 3029 202 3052 to
222 3023 328 3062 sigillo,
347 3023 439 3063 eisdem
453 3047 462 3063 ,
479 3023 607 3064 Johanm'
628 3024 666 3060 ό·
691 3024 820 3064 Johanni
834 3049 844 3064 ,
862 3029 1053 3063 traditarum,
1071 3029 1099 3056 in
1122 3025 1231 3056 Filatiit

172 3061 346 3093 cancellariae
354 3064 510 3102 praedidlae,
528 3068 601 3094 inter
617 3066 724 3094 Brevia
745 3066 839 3102 Regis,
850 3063 977 3104 fimiliter
995 3063 1184 3105 refidentium,
1201 3068 1231 3096 in

172 3100 316 3131 multorum
330 3101 555 3143 circumstantium
568 3106 707 3132 Comitiva
721 3101 884 3133 liberarunt.

404 3239 432 3266 δὲ
457 3243 564 3274 Litera
587 3242 734 3290 Magistri
748 3243 1006 3281 Theotonicornm.

175 3334 489 3395 SERmusstMu
510 3334 741 3376 ΡιζιΝεεΡς,

253 3372 388 3405 Gratiose
401 3373 531 3404 Domine
540 3397 550 3414 ,

212 3450 386 3481 Obtulerunt
400 3452 500 3490 nobis,
519 3450 625 3483 Fideles
637 3452 726 3484 nostri
740 3452 995 3491 dileetissonsules
1009 3453 1166 3487 Civitatum
1175 3466 1229 3487 no-

176 3488 293 3519 strarum
310 3489 412 3519 Prusiae
427 3489 544 3520 Cartam
560 3491 718 3530 quandam,
736 3500 832 3530 graves
841 3492 994 3531 QierelaS,
1012 3494 1092 3531 super
1106 3495 1229 3525 nonnul-

175 3527 207 3557 lis
223 3527 333 3565 Injuriis
346 3529 378 3558 &
394 3527 629 3568 Gravaminibus,
649 3531 710 3568 ipsis
725 3540 757 3560 ac
772 3532 908 3562 omnibus
925 3530 1137 3564 Mercatoribus
1157 3533 1229 3564 Pru-

175 3566 222 3596 fiae
236 3567 264 3595 in
279 3565 389 3602 Regno
401 3565 498 3596 vestro
514 3567 608 3605 illatis,
625 3570 836 3607 continentem,

214 3604 293 3643 Qas
308 3603 423 3642 quidem
441 3604 577 3642 Qerelas
590 3607 759 3637 articulatim
773 3607 918 3638 Serenitati
932 3607 1032 3639 vestrae
1047 3608 1098 3639 hiis
1113 3608 1228 3639 inclusas

173 3642 364 3673 destinamus:
395 3641 546 3673 affectione
564 3643 662 3674 humili
682 3645 865 3683 supplicantes
884 3655 1017 3684 quatenus
1039 3657 1082 3677 eas
1103 3647 1228 3684 benigna

176 3691 273 3712 mente
286 3680 426 3711 attendere
438 3691 470 3710 ac
484 3691 549 3711 aure
560 3682 675 3720 gratuitfi
690 3685 850 3721 percipere,
870 3684 928 3714 Dei
944 3695 1058 3723 quoque
1070 3695 1102 3715 ac
1113 3685 1226 3724 justitiae

174 3720 416 3787 contemplatgone
436 3719 514 3756 super
533 3721 570 3749 eis
591 3719 627 3750 de
648 3720 793 3752 Remedio
810 3731 955 3760 oportuno
969 3723 1113 3761 gratiosius
1128 3724 1228 3763 digne-

176 3767 248 3787 mim
261 3768 343 3796 prow
365 3767 422 3788 ere:

213 3795 367 3832 Operosius
381 3794 554 3827 intendentes
569 3797 607 3826 ne
619 3796 653 3827 ad
667 3805 725 3828 tam
745 3798 848 3836 grande
868 3799 907 3829 sui
928 3798 1142 3839 Praejudicium,
1157 3810 1228 3831 con

173 3840 214 3864 tra
230 3833 384 3866 Libertates
397 3836 429 3866 ἃ
447 3834 541 3872 Regia
554 3834 680 3874 Indulta,
698 3836 777 3875 ipfis,
794 3838 849 3867 una
863 3847 930 3867 cum
946 3839 1054 3868 caeteris
1069 3838 1227 3870 Almanniae

173 3871 400 3911 Mercatoribus,
418 3883 467 3911 per
474 3873 657 3904 Serenitatem
671 3874 808 3913 vestram,
825 3885 875 3913 ac,
893 3875 1049 3906 recolendae
1062 3878 1227 3917 memoriae,

174 3909 325 3940 Dominos
345 3912 540 3951 Progenitores
557 3912 590 3943 &
613 3911 834 3944 Praedecessores
851 3913 976 3951 vestros,
994 3916 1023 3944 in
1049 3914 1155 3954 Regno
1177 3926 1227 3947 ve-

174 3948 234 3978 stro
252 3947 353 3978 donata
373 3950 407 3980 δε
427 3950 558 3981 concessa
572 3973 581 3988 ,
603 3951 636 3982 ὃ(
662 3951 812 3987 praesertim
832 3960 931 3982 contra
951 3952 1171 3984 Ordinationem
1193 3955 1226 3986 &

172 3985 424 4024 Compositionem
439 4011 449 4026 ,
466 3989 530 4020 alias
552 3999 602 4027 per
615 4013 625 4027 ,
641 3988 850 4028 Honorabiles,
870 3989 1040 4028 Magistrum
1063 3991 1227 4022 Nicholaum

173 4024 281 4053 Stocket
294 4049 304 4062 ,
323 4025 450 4054 Thomam
472 4030 551 4057 Graa
565 4052 574 4065 ,
591 4029 624 4058 ἃ
653 4028 805 4057 Walterum
823 4027 923 4067 Sibile,
942 4029 1156 4060 Ambaffiatores
1178 4041 1228 4062 ve-

174 4061 263 4102 stros,
278 4072 346 4095 cum
360 4064 445 4101 pleno
457 4066 554 4103 utique
568 4065 724 4106 Mandato,
743 4076 774 4098 ut
787 4068 817 4097 in
831 4066 1034 4099 Procuratorio
1048 4078 1098 4107 per
1110 4078 1160 4100 eos
1178 4069 1228 4101 ad-

1281 169 1767 218 PUBLICA.
2294 186 2347 232 85

1284 259 1373 290 duem
1390 261 1448 299 (cui
1463 261 1566 299 Regiae
1583 261 1737 302 Majestatis
1751 264 1851 295 vestrae
1865 265 1994 304 Sigillum
2008 267 2161 304 appensum
2177 267 2229 304 est>
2239 267 2343 306 liquide
2362 268 2489 301 Ann.D.

1283 298 1412 337 constat,
1427 300 1461 330 ad
1476 301 1522 330 has
1536 310 1623 338 partes
1638 301 1752 339 missos,
1771 302 1952 342 Nobiscum,
1972 313 2024 342 pro
2041 314 2116 343 parte
2124 305 2285 337 Serenitatis
2296 318 2343 338 ve-
2380 316 2463 346 1393.

1283 336 1348 366 strae
1369 340 1478 369 mature
1497 339 1614 377 digestas
1635 340 1669 371 δε
1689 340 1789 378 factas,
1804 343 2015 382 opprimantur,
2034 345 2210 382 injurientur,
2227 346 2259 375 &c
2280 356 2342 384 gra-
2359 352 2412 373 loc.
2433 357 2460 374 2.

1284 380 1404 418 ventur,
1423 376 1461 407 set
1476 378 1570 414 potius
1585 386 1660 407 certa
1674 378 1832 416 hujusmodi
1847 379 2000 411 Libertates
2020 383 2054 412 ὃς
2075 381 2183 413 Indulta
2197 394 2246 421 per
2259 384 2341 415 Sere-

1283 422 1400 444 nitatem
1415 414 1537 445 vestram
1553 425 1586 446 ac
1598 417 1681 446 etiam
1697 416 1805 447 vestros
1816 418 1958 456 gratiosius
1973 420 2189 452 conserventur:

1322 451 1473 496 Qodque
1495 453 1630 498 Dampna
1652 454 1732 491 paffis
1757 455 1831 493 (pro
1852 457 1954 524 ¹quibus
1971 458 2109 490 Serenitas
2129 460 2220 490 vestra
2241 460 2340 499 ssepius

1284 489 1419 558 scupiliffe
1432 491 1620 530 meminimus)
1638 492 1839 532 Recompensa
1872 503 1897 525 at
1918 504 2058 535 congrua,
2077 497 2122 528 vel
2139 498 2260 537 Justitiae
2281 500 2342 538 ple-

1285 536 1345 558 nitu
1366 539 1405 567 o,

1313 566 1407 609 ,Nam
1422 567 1515 612 Vestri
1531 567 1578 598 hic
1615 569 1645 597 in
1659 569 1779 606 partibus
1792 571 1893 601 nostris
1909 573 1990 602 omni
2006 573 2050 610 (ut
2072 573 2221 613 speramus)
2239 576 2342 607 Liber-

1285 612 1357 643 tate,
1376 606 1436 649 tam
1458 616 1488 636 m
1510 606 1574 637 Ven
1596 606 1689 645 endo,
1707 609 1792 646 quam
1816 611 1845 639 in
1868 609 2013 648 Emendo,
2034 612 2187 650 gaudeant,
2206 624 2238 644 ac
2257 616 2343 652 pleno

1287 643 1351 679 Iure
1363 666 1373 681 ,
1392 645 1420 674 in
1435 644 1562 686 ,petendo
1584 644 1717 688 Dampna
1736 647 1798 685 sua,
1813 649 1890 686 juxta
1911 649 2031 680 modum
2051 650 2084 680 &
2105 649 2247 682 Ordinem
2264 676 2273 691 ,
2292 664 2342 691 per

1286 682 1394 750 vestdos
1408 683 1560 714 nobiscum
1581 682 1751 723 Ordinatos,
1769 685 1809 715 usi
1829 685 1880 716 fint
1903 687 2054 727 hactenus,
2072 688 2106 723 ὃς
2129 697 2238 721 utantur
2261 692 2343 724 limili

1287 728 1339 750 mo
1359 730 1388 750 o.

1321 758 1518 803 ¹(Sereniffime
1532 759 1680 797 Princeps)
1698 760 1799 792 nostris
1813 762 1842 792 in
1855 761 1962 802 Regno
1975 763 2070 794 vestro
2092 765 2184 796 facere
2203 765 2263 797 fieri
2281 777 2346 806 per..

1287 805 1415 835 mittatis,
1435 797 1589 829 Praemium
1603 800 1670 829 inde
1684 800 1720 829 ab
1732 800 1874 831 Altiffimo
1895 809 2071 840 recepturus,
2089 805 2196 842 nosque
2215 805 2250 835 ad
2272 807 2346 837 redi-

1287 835 1385 865 mendi
1400 835 1641 876 Viciffitudinem,
1662 837 1722 868 tam
1732 838 1766 868 ad
1783 838 1966 870 Serenitatem
1981 840 2118 880 vestram,
2138 843 2344 881 quamvestro-

1287 882 1350 904 rum
1364 872 1628 913 Complacentiam,
1645 876 1748 906 erimus
1764 879 1960 915 promptiores.

1326 912 1394 942 Dat.
1408 916 1438 942 in
1450 913 1543 951 Castro
1556 912 1642 953 nostro
1656 917 1755 944 Stunux
1771 916 1908 946 Vlceslmo
1923 917 2044 955 septimo
2065 917 2110 948 die
2132 917 2240 950 Menfis
2261 919 2345 952 Mar-

1287 950 1338 989 tii,
1354 951 1445 982 Anno
1459 953 1519 983 &c.
1540 951 1743 990 Nonagefimo
1757 952 1868 985 Tertio.

1526 1081 1575 1113 De
1588 1079 1758 1113 Traffando
1777 1092 1844 1114 cum
1867 1083 1945 1128 Rege
1960 1081 2110 1128 spannia.

1288 1163 1404 1221 REX
1423 1164 1583 1205 Omnibus,
1599 1166 1634 1198 ad
1649 1176 1739 1205 quos,
1754 1166 1816 1198 &a
1834 1165 1968 1198 Salutem.
2361 1159 2436 1189 Arm.
2454 1161 2494 1192 D,

1379 1204 1478 1235 Sciatis
1492 1204 1573 1243 quod
1591 1205 1678 1244 Nos,
2384 1207 2467 1247 ¹393;

1326 1240 1376 1272 De
1396 1242 1789 1281 provida-circumspectione
1809 1244 1843 1276 δε
1863 1242 2010 1281 industria,
2028 1243 2197 1276 ducelorum
2218 1246 2253 1277 &
2273 1246 2343 1278 fide-
2362 1241 2413 1264 A*
2435 1250 2476 1267 ω·

1287 1279 1359 1310 lium
1374 1279 1558 1319 nostrorum,
1578 1282 1695 1312 Walteri
1708 1281 1827 1321 Blount,
1847 1282 1880 1313 &
1897 1282 2039 1312 Willielmi
2053 1284 2085 1312 de
2098 1286 2172 1322 Par,
2192 1283 2342 1324 Militum,
2361 1280 2379 1303 R

1286 1328 1320 1348 ac
1337 1317 1468 1362 Magistri
1480 1321 1592 1350 Henrici
1606 1323 1701 1351 Bowet
1726 1320 1867 1358 utriusque
1884 1320 1959 1359 Juris
1978 1319 2119 1352 Doctoris
2144 1322 2345 1355 Archidiaconi
2361 1318 2496 1348 Franmd,

1287 1354 1424 1388 Eccleliae
1442 1356 1613 1389 Cathedralis
1629 1359 1806 1397 Lincolniae,
1824 1360 1926 1389 intime
1942 1359 2134 1399 confidentes,
2360 1357 2469 1384 R·²·7⁷³·

1325 1393 1369 1425 Ex
1383 1405 1459 1427 certa
1472 1397 1584 1428 scientia
1595 1397 1688 1428 nostra
1712 1407 1745 1428 ac
1757 1397 1794 1428 de
1807 1397 1912 1427 assensu
1928 1398 1961 1428 ὃς
1973 1397 2144 1429 avisamento
2153 1398 2278 1430 Concilii
2292 1411 2347 1432 no-
2366 1401 2392 1429 3·

1288 1432 1354 1470 stri,
1372 1433 1443 1472 ipsos
1457 1434 1637 1474 Wakerum,
1656 1421 1868 1473 W²illielmum‚
1886 1436 1920 1466 &
1933 1436 2194 1476 Archidiaconum,
2214 1438 2290 1470 Tres
2312 1441 2347 1470 &

1289 1470 1374 1501 Duos
1388 1482 1504 1511 eorum,
1521 1473 1634 1504 nostros
1648 1484 1730 1506 veros
1748 1475 1781 1505 ὃς
1802 1474 1941 1513 legitimos
1962 1473 2180 1514 Procuratores,
2196 1476 2230 1506 N
2233 1478 2349 1514 egotio-

1289 1518 1354 1539 rum
1370 1509 1521 1549 Gestores,
1541 1512 1715 1552 Deputatos,
1732 1523 1765 1543 ac
1779 1511 1916 1543 Nuncios
1930 1512 2075 1552 speciales,
2093 1513 2242 1554 Facimus,
2261 1515 2350 1547 Crea-

1289 1557 1368 1585 mus,
1389 1548 1423 1579 &
1436 1548 1649 1581 Constituimus
1663 1561 1712 1588 per
1727 1550 1895 1588 Praesenres,

1327 1585 1436 1617 Dantes
1457 1588 1490 1619 &
1509 1586 1710 1619 Concedentes
1731 1589 1833 1620 eisdem
1857 1589 2091 1620 procuratoribus
2104 1612 2114 1628 ,
2131 1590 2294 1631 Deputatis,
2313 1594 2348 1624 δε

1289 1622 1417 1655 Nunciis
1432 1626 1549 1665 nostris,
1568 1627 1792 1665 Auctoritatem,
1811 1627 1978 1665 plenamque
1992 1628 2025 1658 ὃς
2037 1629 2152 1658 liberam
2161 1629 2346 1670 Potestatem,

1288 1672 1321 1694 ac
1338 1663 1527 1703 Mandatum,
1545 1665 1603 1696 tam
1619 1665 1764 1704 generale,
1784 1666 1868 1703 quarn
1890 1665 2025 1703 speciale,
2045 1665 2266 1706 Conveniendi,
2286 1670 2348 1700 Lo-

1288 1701 1391 1739 quendi
1406 1725 1416 1740 ,
1435 1701 1649 1734 Comunicandi
1665 1726 1674 1742 ‚
1693 1704 1727 1734 &
1747 1703 1902 1734 Traftandi
1919 1726 1927 1741 ,
1946 1714 1999 1741 pro
2020 1704 2139 1742 Nobis,
2159 1706 2191 1735 ὃ(
2214 1706 2348 1739 Nomine

1289 1739 1407 1779 nostro,
1423 1751 1456 1771 ac
1471 1752 1522 1779 pro
1536 1741 1661 1781 Regnis,
1680 1742 1792 1780 Terris,
1814 1741 1980 1780 Dominus,
1999 1741 2139 1781 Subditis,
2159 1744 2297 1783 Vnssallis‚
2314 1747 2348 1777 ὃς

1289 1777 1401 1817 Ligeis,
1421 1781 1454 1810 ὃς
1471 1780 1595 1818 Alligatis
1607 1780 1707 1810 nostris
1721 1780 1960 1818 quibuscumque,
1979 1791 2048 1811 curn
2070 1780 2244 1820 Adverfizrio
2262 1783 2349 1852 nigro

1286 1815 1439 1856 Ispanniae,
1459 1817 1503 1848 seu
1517 1819 1573 1857 ejus
1587 1820 1615 1848 in
1629 1819 1681 1850 hac
1697 1827 1773 1856 parte
1794 1818 2045 1856 procuratoribus,
2064 1819 2204 1857 Nunciis,
2222 1821 2267 1851 seu
2289 1819 2293 1822 ”
2320 1832 2349 1852 e-

1287 1857 1404 1895 putatis,
1421 1856 1608 1887 sufficientem
1624 1856 1796 1887 Potestatem
1809 1857 1844 1886 ab
1860 1857 1919 1895 ipso
1934 1856 2101 1887 Adversario
2119 1858 2218 1889 nostro
2240 1860 2346 1891 haben-

1288 1896 1363 1926 tibus
1373 1919 1381 1932 ,
1399 1896 1459 1925 tam
1475 1894 1510 1925 de
1523 1895 1597 1926 Pace
1610 1895 1643 1926 &
1658 1894 1823 1926 Concordia
1838 1895 1964 1926 finalibus
1979 1897 2011 1927 &
2033 1898 2187 1935 perpetuis,
2206 1899 2292 1935 quarn
2307 1898 2343 1930 de

1288 1934 1513 1972 quibuscumque
1525 1934 1662 1972 Treugis,
1678 1933 1852 1964 Guerrarum
1870 1933 2063 1973 Sufferentiis,
2083 1935 2128 1964 seu
2143 1935 2346 1967 Induciistem-

1309 1972 1431 2040 oralibubs
1445 1996 1454 2011 ,
1473 1972 1629 2012 Alligantiis
1644 1995 1654 2011 ,
1673 1972 1814 2003 Amicitiis
1828 1996 1838 2010 ,
1857 1971 1936 2010 Ligis
1950 1995 1959 2011 ,
1977 1971 2294 2014 Confoederationibus,
2313 1977 2347 2008 &

1327 2021 1406 2040 moni
1429 2020 1459 2041 us

1325 2052 1403 2079 Inter
1426 2034 1502 2088 No’s,
1518 2049 1552 2082 ὃς
1574 2048 1710 2080 Haeredes
1731 2048 1858 2089 nostros,
1876 2059 1929 2087 pro
1952 2049 2081 2089 Regnis,
2100 2051 2216 2089 Terris,
2234 2051 2346 2083 Domi-

1286 2089 1355 2126 niis,
1373 2097 1407 2119 ac
1423 2088 1561 2128 Subditis,
1580 2088 1724 2126 Vaffallis,
1744 2088 1855 2128 Ligeis,
1873 2092 1906 2120 ὃς
1920 2088 2048 2125 Alligatis
2066 2089 2166 2120 nostris
2188 2091 2343 2128 praedietis,

1287 2136 1321 2158 ex
1335 2136 1412 2165 parte
1424 2137 1495 2165 una,
1513 2128 1545 2158 δε
1562 2126 1644 2166 ipsum
1667 2128 1882 2167 Adversarium,
1902 2127 2057 2166 Haeredes,
2077 2128 2252 2167 complices,
2270 2130 2303 2161 &
2322 2131 2341 2150 ³*
2357 2137 2373 2155 ⁴
2388 2139 2455 2167 vn.

1287 2165 1428 2203 Alligatos
1442 2166 1520 2204 suos,
1539 2177 1591 2204 pro
1599 2165 1784 2205 Se,Regnis,
1801 2166 1913 2204 Terris,
1932 2165 2096 2205 Dominiis,
2111 2166 2234 2197 Subditis
2246 2191 2256 2207 ,
2275 2167 2303 2199 V
2304 2179 2345 2199 as·
2359 2186 2423 2214 744,

1283 2204 1349 2235 fallis
1362 2228 1371 2243 ,
1390 2204 1482 2273 [ggeis
1496 2228 1505 2243 ,
1521 2206 1554 2250 βε
1577 2205 1702 2243 Alligatis
1722 2205 1773 2236 suis
1787 2229 1797 2244 ,
1814 2214 1849 2235 ex
1869 2213 1945 2243 parte
1964 2205 2063 2244 altera,
2080 2207 2219 2244 perpetuo
2241 2205 2285 2238 vel
2307 2207 2342 2239 ad

1285 2250 1343 2275 tem
1366 2253 1397 2274 us
1428 2253 1541 2274 uratuns

1360 2292 1455 2312 ecnon
1468 2282 1503 2313 de
1518 2267 1557 2314 &⁵
1564 2281 1644 2321 super
1655 2283 1790 2313 omnibus
1805 2283 1839 2314 &
1853 2281 1964 2321 singulis
1977 2281 2207 2322 Quaestionibus,
2227 2283 2341 2323 Quere-

1284 2320 1336 2359 lis,
1356 2320 1596 2359 Diffenlionibus,
1615 2320 1838 2360 Controversiis,
1859 2321 1990 2360 Litibus,
2007 2322 2040 2352 &
2054 2320 2344 2360 Debatis,cumom-

1283 2360 1367 2390 nibus
1378 2361 1411 2391 &
1424 2360 1533 2398 singulis
1546 2359 1597 2390 suis
1605 2359 1754 2398 Articulis,
1773 2359 2011 2398 circumstanciis,
2029 2359 2233 2400 incidentibus,
2249 2371 2343 2393 emer-

1285 2399 1433 2436 gentibus,
1450 2398 1686 2436 dependentibus,
1702 2398 1735 2429 &
1748 2399 1900 2437 connexis,

1320 2434 1397 2468 Inter
1413 2436 1609 2475 Progenitores
1625 2436 1755 2476 nostros,
1770 2437 1853 2467 clarae
1867 2436 2031 2475 memoriae,
2050 2438 2084 2469 ὅ(
2105 2436 2191 2476 Nos,
2211 2447 2245 2468 ex
2267 2447 2345 2477 parte

1283 2475 1353 2513 un'a,
1371 2486 1404 2506 ac
1424 2475 1514 2513 ipsum
1536 2475 1750 2514 Adversarium,
1769 2474 1982 2514 progenitores,
2000 2476 2033 2506 &
2055 2475 2188 2515 Alligatos
2211 2476 2289 2516 suos,
2308 2487 2343 2508 eit

1282 2522 1360 2582 parte
1371 2514 1470 2559 altera,
1487 2523 1551 2545 ante
1565 2514 1627 2545 haec
1648 2522 1776 2551 tempora
1799 2514 2040 2552 qualitercumque
2060 2515 2178 2552 exortis,
2195 2515 2341 2555 suscitatis,

1294 2563 1339 2583 1ve
1357 2561 1441 2583 motis

1317 2576 1483 2629 Omniaque
1502 2592 1535 2622 &
1557 2589 1676 2627 singula,
1696 2589 1733 2619 fic
1758 2589 1888 2628 Locuta,
1909 2589 2116 2629 comunican,
2133 2592 2167 2623 &
2190 2591 2339 2632 Tracftata,

1280 2640 1348 2660 cum
1363 2631 1498 2660 omnibus
1513 2631 1545 2660 δε
1555 2629 1666 2666 singulis
1680 2627 1886 2667 Incidentibus,
1903 2628 2139 2668 Emergentibus,
2162 2629 2338 2669 Dependen-

1277 2669 1367 2706 tibus,
1385 2669 1417 2699 ὃς
1436 2667 1599 2704 Connexis,
1619 2666 1718 2697 Nobis
1741 2667 1775 2697 ὃς
1797 2667 1877 2697 dieto
1899 2666 2036 2697 Concilio
2051 2668 2148 2698 nostro
2163 2668 2338 2707 Referendi,

1277 2706 1450 2775 dedamddi’
1468 2704 1640 2745 explicandi,
1659 2705 1848 2744 certificandi,
1866 2706 2027 2743 exponendi
2040 2729 2051 2745 ,
2069 2707 2103 2738 δε
2123 2717 2174 2737 ore
2194 2716 2274 2738 tenus
2296 2718 2339 2739 re-

1300 2754 1379 2775 ortan
1401 2755 1409 2774 1

1277 2755 1297 2783 p
1316 2783 1484 2821 Omniaque
1498 2783 1549 2813 alia
1563 2783 1597 2813 &
1611 2781 1715 2821 fingula
1728 2780 1919 2821 Excercendi,
1937 2782 2086 2820 FacIendi,
2105 2783 2138 2814 &
2152 2783 2337 2823 Expediendi,

1298 2832 1342 2852 uae
1362 2823 1392 2851 in
1414 2820 1564 2851 Praemiffis
1583 2821 1617 2852 &
1639 2822 1713 2851 circa
1727 2830 1759 2850 ea
1774 2821 1922 2851 necessaria
1936 2821 2039 2852 fuerint
2053 2822 2097 2851 vel
2112 2823 2195 2852 etiam
2208 2832 2332 2860 quomo-

1276 2832 1384 2891 dolibet
1398 2868 1554 2897 oportuna,
1571 2860 1654 2889 etiam
1671 2859 1688 2888 sl
1702 2857 1872 2888 Mandatum
1888 2860 1999 2898 exigant
2012 2861 2098 2898 magis
2111 2859 2243 2899 speciale;

1313 2898 1517 2929 Promittentes
1533 2897 1599 2927 Nos
1614 2895 1867 2933 Ratum,Gratum
1877 2919 1886 2935 ,
1904 2898 1936 2928 &
1952 2897 2080 2928 Firmum
2098 2898 2240 2929 habituros
2247 2900 2330 2937 quic-

1274 2936 1359 2976 quid,
1378 2947 1426 2975 per
1439 2936 1529 2966 dictos
1553 2935 1753 2964 Procuratores
1776 2934 1904 2973 nostrOS,
1925 2935 2051 2974 Acium,
2066 2936 2208 2975 Gestum,
2226 2947 2332 2976 procu-

1273 2985 1402 3006 ratumve
1416 2975 1497 3004 fuerit
1513 2974 1541 3002 in
1556 2971 1721 3009 Praemiffis,
1740 2972 1785 3002 vel
1799 2973 1892 3010 aliquo
1906 2972 2126 3004 Praemissorum.

1272 3051 1299 3083 Α
1310 3013 1377 3082 Βῗῐ.
1393 3013 1443 3043 sub
1459 3010 1560 3051 Magni
1572 3011 1660 3051 Sigilli
1673 3010 1763 3042 nostri
1777 3011 1961 3043 Testimonio
1974 3013 2048 3051 apud
2064 3012 2171 3054 Wstm.
2190 3014 2257 3045 xvii.
2283 3013 2330 3046 die

1300 3062 1343 3091 pri
1354 3061 1384 3082 is,

1746 3130 1799 3158 Per
1813 3127 1895 3168 ipsum
1908 3129 2003 3166 Regem
2016 3127 2054 3164 ό·
2071 3127 2223 3160 Concilium.

1582 3255 1641 3286 Pro
1657 3255 1770 3299 Regina
1786 3251 1821 3285 a'e
1837 3253 2014 3300 Norwegia.

1273 3338 1389 3409 RE}
1406 3337 1569 3406 Οςηηίῢμὲ,
1584 3337 1619 3369 ad
1639 3347 1724 3378 quos,
1742 3337 1802 3369 &c.
1820 3336 1955 3370 Salutem.
2336 3354 2413 3387 Arm·
2430 3355 2462 3388 D

1325 3394 1330 3397 ·
1392 3386 1467 3408 cratis
1501 3386 1539 3406 uo
2463 3382 2471 3390 ·

1308 3417 1360 3447 Ob
1373 3387 1598 3452 Obligagtiaru’m
1612 3415 1646 3446 ὃς
1661 3413 1804 3445 Amicitiae
1818 3414 1943 3453 Foedus,
2336 3403 2443 3464 A¹7139136

1306 3454 1382 3486 Inter
1396 3457 1454 3485 Nos
1467 3454 1499 3484 &
1513 3451 1692 3484 Cariffimam
1705 3453 1841 3484 Sororem
1859 3452 1985 3483 nostram
2004 3455 2133 3491 Reginam
2150 3454 2183 3484 de
2201 3457 2322 3486 Norwe-
2334 3476 2354 3499 R
2384 3456 2398 3499 '2
2445 3456 2451 3463 ·

1265 3497 1311 3531 gia
1325 3497 1428 3524 Swecia
1443 3491 1480 3526 ὠ
1495 3494 1586 3520 Dacia
1626 3501 1676 3529 pro
1689 3491 1805 3529 Nobis,
1824 3493 1857 3522 &
1871 3491 1945 3522 dieta
1960 3490 2007 3521 Re
2028 3493 2087 3530 ina,
2102 3502 2134 3522 ac
2143 3493 2321 3533 Haeredibus,
2338 3493 2363 3536 [ἶ
2373 3519 2382 3536 f
2404 3494 2410 3500 ’
2439 3511 2457 3537 5

1269 3532 1393 3571 Regnis,
1411 3530 1521 3568 Terris,
1539 3530 1573 3560 &
1586 3512 1708 3560 Subditis
1727 3529 1866 3568 utriusque
1885 3528 1989 3568 Partis,
2043 3540 2078 3561 eo
2095 3531 2196 3570 dante,
2214 3536 2318 3565 mutuo
2336 3521 2397 3576 Ra,
2422 3521 2436 3585 ἕ,
2459 3532 2465 3538 ’

1269 3571 1421 3601 ineundem
1437 3569 1468 3600 ὃς
1484 3567 1675 3604 firmandum,
1860 3606 1866 3611 .
2337 3571 2396 3623 3‘m
2424 3570 2455 3614 ,ὲ

1306 3609 1351 3640 Ac
1375 3610 1475 3639 claram
1498 3605 1737 3644 Benivolentiam,
1756 3615 1840 3644 quam
1859 3605 1944 3642 msam
1966 3605 2110 3642 Reginam
2124 3631 2133 3645 ,
2152 3608 2185 3639 &
2209 3607 2320 3641 Incolas
2356 3609 2362 3615 '
2400 3608 2407 3616 ‘
2458 3608 2467 3615 ⁶

1266 3647 1422 3678 Terrarum
1436 3645 1563 3682 suarum,
1581 3655 1666 3683 penes
1674 3644 1759 3682 Nos,
1776 3644 1809 3675 ὃς
1822 3643 1955 3675 subditos
1968 3644 2093 3684 nostros,
2115 3655 2243 3678 tenemus
2252 3657 2320 3679 cor-

1268 3687 1339 3717 diter
1352 3697 1371 3716 o
1393 3686 1492 3720 tinere,

1307 3696 1500 3754 Defiffierantes
1515 3720 1634 3758 proinde
1645 3722 1678 3752 δε
1693 3720 1832 3757 volentes,
1852 3730 1903 3758 pro
1918 3719 2054 3751 Succursu
2076 3722 2110 3753 &
2132 3720 2320 3756 Relevatione

1271 3763 1392 3801 ejusdem
1418 3760 1534 3797 Reginae
1548 3782 1557 3797 ‚
1587 3770 1650 3797 quae
1671 3769 1720 3797 per
1743 3759 1932 3789 Inimicorum
1953 3760 2065 3790 suorum
2085 3769 2180 3799 graves
2201 3761 2320 3795 Insulrus

1269 3801 1459 3869 multigliciter
1471 3807 1651 3837 aggravatur,
1668 3797 1746 3836 quod
1758 3798 1904 3835 dolemus,
1921 3806 2002 3837 grato
2016 3799 2113 3828 animo
2132 3799 2321 3834 favorabiliter

1292 3850 1352 3870 rovi
1375 3848 1419 3868 ere

1271 3851 1289 3878 p
1307 3860 1505 3908 Concessimus
1527 3874 1560 3905 δε
1584 3873 1742 3905 Licentiam
1761 3872 1890 3904 dedimus
1904 3898 1913 3911 ,
1928 3872 2033 3904 dilecto
2055 3874 2153 3905 Nobis
2169 3899 2178 3915 ,
2193 3880 2320 3910 Swenoni

1267 3915 1417 3956 Stalefote,
1435 3912 1557 3943 Nuncio
1570 3912 1604 3942 δε
1616 3911 1820 3943 Commissario
1831 3912 1911 3950 ipsius
1925 3911 2062 3950 Reginae,
2077 3914 2126 3951 qui
2137 3915 2166 3944 in
2179 3915 2319 3956 Regnum

1269 3955 1399 3985 nostrum
1417 3952 1462 3982 An
1483 3951 1545 3988 liae,
1564 3952 1671 3981 ratione
1691 3951 1850 3989 hujusmodi
1868 3951 2038 3988 SuccursuS,
2057 3961 2090 3982 ac
2107 3952 2223 3984 aliorum
2242 3955 2319 3986 Prae-

1269 3993 1418 4023 missorum
1485 3988 1677 4027 abendorum,
1694 3990 1730 4020 de
1747 3989 1885 4019 Mandato
1906 3989 1986 4026 ips1us
2008 3988 2144 4029 Reginae,
2161 3993 2320 4032 advenerit,

1266 4031 1347 4069 quod
1362 4030 1415 4068 ipse
1427 4015 1500 4058 ²rres
1517 4027 1622 4066 grossas
1634 4027 1732 4058 Naves
1745 4027 1897 4058 Guerrinas
1906 4050 1917 4066 ,
1931 4029 1959 4056 in
1974 4027 2063 4058 Portu
2079 4028 2160 4059 Villae
2174 4031 2210 4062 de
2226 4032 2319 4070 Lenn,

1266 4080 1335 4103 cum
1349 4076 1412 4099 toto
1428 4067 1568 4106 Apparatu
1591 4067 1625 4098 &
1650 4065 1824 4133 MariEariis,
1841 4065 2003 4097 earumdem
2027 4066 2182 4107 (videlicet)
2200 4070 2321 4138 Naveg}

1770 4113 1786 4142 ‘3
2245 4117 2283 4137 un
