2561 4251
237 171 317 210 166

83 251 161 285 Ann.
177 251 219 283 D·
237 256 291 285 ciae
327 264 360 285 ac
376 253 476 285 exinde
502 252 530 282 in
550 249 681 290 Angliam
705 248 867 287 redeundo,
891 250 921 279 in
944 245 1160 278 Proteetionem
1184 242 1217 272 &
1241 237 1304 268 De·

105 291 189 331 1358.
234 278 391 324 sensionem
418 290 560 328 nostram,
585 299 700 320 necnon
725 289 756 319 in
780 287 885 318 salvum
903 287 936 317 &
953 285 1081 330 securum
1103 279 1298 328 ‚Condueturri

85 332 153 359 Μν-
173 340 199 367 3-
239 332 385 362 nostrum:
404 330 440 360 Et
454 328 519 359 ideo
534 329 614 359 vobis
629 327 810 365 mandamus,
829 324 889 360 ὠς.
903 331 986 364 prout
1000 332 1030 353 tn
1045 319 1177 362 fimzlibus
1200 320 1305 348 Ltterts

237 370 493 445 delgorggfgt’c.&c.
512 406 596 445 usque
609 405 645 437 ad
660 403 775 435 Festum
787 402 885 434 Saneti
900 400 1052 433 Michaelis
1073 398 1209 438 proximo
1230 393 1306 424 futu-

239 457 303 478 rum
311 446 471 523 garta-[33⁵3
485 481 796 527 westmonasterium,
813 481 909 519 primo
924 480 971 511 die
982 478 1069 518 Junii.

978 557 1032 586 Per
1047 552 1130 594 ipficm
1148 553 1251 588 Regem.

342 637 513 670 Consimiles
528 637 633 668 Literas
647 635 738 678 Regis
751 637 854 668 habent
873 633 1034 673 subscripti,
1052 630 1183 663 videlicet
1190 649 1202 666 ,

241 719 330 748 Comes
345 716 376 745 de
391 714 552 753 Sarebruce,
572 713 742 754 Prisimarius
756 717 842 752 Regis.

242 755 381 794 Johannes
398 759 490 784 Comes
505 755 537 784 de
548 754 646 793 Juny,
665 752 833 792 Prisbnarius
850 754 936 790 Regis.

245 796 335 823 Comes
349 792 381 822 de
396 793 542 833 Vendome,
560 794 730 832 Prfinarius
744 796 832 831 Regis.

243 831 335 862 Comes
349 831 381 862 de
397 833 526 862 Pontica:
549 832 719 871 Prifianarius
734 834 820 870 Regis.

85 873 122 899 ¹1⁰.-
143 873 185 892 10·
247 870 560 948 Rogal‘rzrjizfeysicffgz'iz
581 870 638 901 de]
693 894 799 922 Nuntii
816 888 907 937 Caroli
925 889 958 919 de
975 885 1055 933 Bloys
1063 880 1312 957 ,itlrznsgmdssoari

242 947 286 988 Jo
307 959 390 978 annes
423 951 555 978 Dominus
579 949 612 978 de
629 939 745 1003 >partes
763 930 902 995 Flas‘fdmj
918 936 967 995 {fr
993 925 1195 992 D'GZfl-tg‘nniae
1219 963 1310 989 Fran-

246 1021 252 1024 γ
280 987 429 1026 Gergozle’
445 986 547 1024 Asi-(H,
646 969 749 1024 [saum
767 972 844 1006 Regis
863 979 880 996 a
940 972 1017 1025 *a'rtes
1059 1001 1158 1031 Redem
1175 983 1310 1037 tiimeJua

240 1024 389 1064 Johannes
414 1026 445 1055 de
472 1028 608 1056 Beanma-
625 1011 631 1070 Ι
651 1020 716 1067 ‘¹4³3
733 1007 981 1080 &AN‘JZZMW‘C’
994 1011 1044 1041 2⁰⁷⁰
1154 1007 1174 1038 p

274 1075 353 1103 nef-5⁷
606 1072 626 1102 J
650 1059 761 1088 quaren
781 1059 810 1086 a,
882 1068 888 1075 .

236 1201 295 1233 Pro
319 1201 395 1244 Rege
417 1199 569 1233 Navarra
591 1200 629 1237 ῤ’
657 1196 788 1242 Philippo
816 1196 926 1227 Fratre
948 1181 1034 1240 ejus,
1064 1189 1100 1223 de
1130 1185 1236 1234 injuste
1260 1197 1309 1218 oc-

606 1250 719 1293 cupatis
743 1242 937 1287 restituendis.

85 1321 161 1354 Ann‘
178 1321 218 1352 D·
301 1332 383 1372 EX,
401 1332 511 1364 dilectis
528 1333 560 1363 &
584 1331 710 1362 fidelibus
730 1330 796 1368 suis,
816 1328 950 1360 Gilberto
974 1320 1173 1364 Chastelldyn,
1192 1322 1226 1354 δε
1248 1322 1310 1354 Ste-

107 1361 190 1399 1358.
317 1373 412 1410 phano
427 1371 463 1402 de
479 1370 664 1410 Cusyngton,
678 1368 809 1413 Salutem.
901 1407 906 1412 ¹
1017 1405 1022 1410 ι
1103 1403 1107 1408 ¹
1123 1402 1128 1408 ι
1172 1403 1178 1408 Ι

86 1404 141 1428 Λ”’
156 1410 200 1437 3²·
274 1411 317 1443 Ex
332 1419 424 1450 parte,
442 1410 540 1441 dileffl
557 1408 767 1448 Consanguinei
784 1407 817 1438 ὅ(
833 1405 920 1436 fidelis
935 1404 1036 1442 nostri,
1055 1402 1180 1441 Philippi
1195 1401 1230 1432 de
1241 1399 1308 1431 Na-

86 1443 175 1505 albii]
238 1461 330 1487 varra,
348 1450 432 1481 nobis
448 1448 489 1479 est
510 1448 696 1486 supplicatum
713 1455 762 1486 ut,

277 1488 357 1519 Cum
380 1487 514 1519 nonnulla
535 1486 650 1523 Castra,
669 1485 752 1515 Villae
798 1483 992 1520 Munitiones,
1010 1480 1171 1525 Fortalitia,
1187 1479 1307 1516 Terrae,

238 1528 398 1565 Dominia,
416 1528 449 1557 &
465 1526 518 1556 alia
533 1526 631 1563 Loca,
651 1534 715 1562 quae
730 1507 772 1553 ad³
781 1520 976 1561 Mignificum
993 1520 1177 1564 Principem,¹
1192 1518 1308 1563 Regem

239 1567 398 1603 Navarrae,
418 1564 673 1604 Consanguineum
695 1561 840 1599 nostrum,
860 1561 982 1590 Fratrem
1003 1559 1084 1602 ipsius
1105 1557 1248 1595 Philippi,
1273 1557 1307 1586 &

85 1598 104 1618 *
115 1598 222 1635 V1·35·
234 1605 329 1643 ipsu-m
344 1603 529 1641 Philippum,
546 1605 576 1633 in
588 1602 711 1640 partibus
727 1599 921 1643 Normanniae
939 1599 957 1617 ³*
977 1606 1132 1638 pertinent,
1151 1606 1200 1637 per
1225 1595 1308 1626 Gen-

234 1652 275 1676 tes
289 1642 397 1674 nostras
410 1650 491 1678 capta
505 1641 573 1680 sint,
589 1647 747 1678 occupata,
765 1639 798 1670 δε
813 1639 848 1670 ab
861 1648 900 1669 eis
913 1639 1044 1680 detenta,

273 1681 404 1713 Velimus
430 1679 543 1718 Castra,
571 1680 674 1717 Villas,
700 1677 896 1714 Munitiones,
925 1675 1080 1712 Fortalitia,
1097 1672 1215 1718 Terras,
1242 1671 1308 1718 {Do-

238 1721 343 1759 minin,
359 1720 392 1750 &
412 1719 494 1750 Loca
512 1718 665 1756 praedicta,
682 1717 766 1747 dietis
785 1715 1010 1754 Consanguineis
1028 1712 1128 1743 nostris
1146 1711 1252 1744 restitui
1262 1721 1309 1750 Ju-

236 1761 304 1791 bete
1287 1788 1292 1794 ι

275 1781 359 1835 Nos,
379 1794 622 1832 contemplatione
638 1793 767 1832 praedicti
781 1792 922 1829 Philippi,
941 1791 1065 1835 volentes
1088 1789 1171 1829 ipsius
1195 1789 1308 1836 Suppli-

236 1837 343 1867 cationi
358 1834 545 1865 favorabiliter
560 1843 682 1864 annuere
696 1833 725 1862 in
739 1832 793 1861 hac
810 1839 903 1869 parte,
919 1829 1118 1872 affignavnnus
1132 1839 1184 1859 vos
1207 1830 1241 1859 ad
1264 1840 1306 1860 in—

234 1873 417 1906 formandum
433 1883 501 1910 vos,
523 1873 574 1902 viis
590 1873 624 1903 ὃς
641 1871 734 1901 modis
750 1871 849 1908 quibus
866 1868 967 1899 melitis
990 1869 1130 1911 potentis,
1149 1868 1185 1899 de
1207 1869 1306 1899 omni-

235 1914 288 1944 bus
305 1912 427 1950 Castris,
448 1911 545 1949 Villis,
564 1910 793 1946 Munitionibus,
821 1907 984 1944 FortalitiiS,
1009 1906 1123 1950 Terris,
1143 1905 1309 1950 Dominus,

237 1952 273 1982 &
290 1952 375 1983 Locis
385 1974 394 1989 ,
413 1947 476 1988 quae
491 1949 524 1980 ad
538 1949 632 1979 dictos
646 1948 882 1986 Consanguineos
896 1945 1007 1977 nostros
1031 1945 1229 1976 rationabiliter
1245 1955 1308 1983 per-

241 1991 354 2027 tinent,
372 1999 422 2028 per
438 1988 548 2019 Gentes
560 1987 666 2018 nostras
680 1988 709 2017 in
724 1986 806 2017 dietis
831 1986 954 2024 partibus
973 1986 1060 2021 capus
1070 2007 1080 2021 ,
1097 1985 1262 2027 occupatis,
1276 1985 1310 2015 &

245 2028 375 2066 detentis,
398 2028 431 2058 &
454 2027 488 2057 ad
512 2037 543 2057 ea
567 2025 687 2064 praefatis
709 2024 934 2063 consanguineis
956 2022 1055 2053 nostris
1094 2031 1173 2062 Juxta
1196 2024 1312 2053 rationis

237 2067 424 2108 exigentiam,
442 2066 475 2096 δε
491 2074 572 2103 prout
588 2067 659 2096 inter
676 2064 748 2101 ipsos
761 2063 998 2100 Consanguineos
1012 2071 1052 2091 no
1080 2071 1123 2091 ros
1144 2061 1177 2092 &
1193 2071 1244 2092 vos
1268 2061 1311 2093 su-

237 2116 288 2143 per
304 2107 360 2137 hoc
375 2103 577 2135 rationabiliter
591 2104 694 2142 poterit
711 2101 897 2139 concordari,
914 2099 1115 2132 restituendum
1134 2101 1168 2133 &
1189 2100 1311 2131 liberan-

236 2145 325 2184 dum,
1020 2177 1025 2184 ι
1273 2178 1279 2184 .

275 2183 312 2214 Et
330 2182 396 2214 ideo
410 2182 493 2212 vobis
508 2180 673 2212 mandamus
689 2179 769 2219 quod
787 2177 931 2217 praemissa
945 2188 1042 2209 omnia
1055 2177 1088 2209 ὃ(
1106 2175 1210 2216 singula
1226 2177 1311 2209 facia-

236 2223 270 2254 tis
290 2222 322 2253 &
338 2221 516 2259 exequamini
537 2221 565 2250 in
581 2219 674 2250 forma
690 2218 832 2258 praedicta.

271 2261 382 2292 Damus
395 2268 489 2290 autem
505 2258 635 2289 universis
648 2260 681 2289 δε
697 2258 807 2297 singulis
821 2256 991 2297 Capitaneis,
1007 2253 1186 2294 Castelhnis,
1205 2255 1313 2287 Custo-

236 2300 317 2331 dibus
333 2297 518 2334 Castrorum,
536 2296 745 2327 Fortalitiorutn
756 2320 765 2334 ,
785 2296 939 2332 Villarum,
957 2296 989 2325 δε
1003 2295 1127 2324 aliorum
1151 2295 1312 2333 Locorum,

238 2349 289 2378 per
306 2337 439 2368 Subditos
452 2336 582 2373 nostros,
598 2336 630 2364 &
646 2335 728 2364 nobis
750 2334 949 2371 Adhaerentes,
972 2334 1001 2363 in
1019 2333 1134 2363 Ducatu
1158 2333 1294 2363 Norman
1305 2352 1312 2356 -

239 2379 294 2407 niue
308 2383 534 2413 occupatorum,
551 2374 584 2404 &
600 2383 701 2403 eorum
714 2373 848 2410 cuilibet,
866 2381 963 2402 tenore
979 2370 1169 2410 praefenrium,
1188 2373 1216 2402 in
1231 2382 1311 2402 man-

239 2416 326 2452 datis,
345 2415 473 2452 quatinus
494 2413 594 2449 vobis,
613 2412 642 2441 in
664 2410 810 2449 praemissis
831 2411 967 2440 omnibus
990 2411 1023 2441 &
1042 2410 1151 2449 singulis
1175 2410 1312 2441 faciendis

241 2455 274 2484 &
290 2451 470 2491 exequendis,
488 2451 641 2482 efficaciter
657 2459 770 2487 pareant
784 2450 816 2480 δε
838 2449 999 2486 intendant,
1018 2448 1051 2478 &
1072 2449 1169 2478 omnia
1180 2472 1189 2487 ,
1203 2451 1241 2480 eis
1262 2460 1311 2487 per

240 2502 292 2522 vos
313 2493 341 2521 in
364 2491 416 2520 liae
435 2498 509 2528 parte
524 2490 639 2519 nomine
659 2488 756 2518 nostro
777 2488 924 2526 Injuntsta,
943 2486 1122 2525 compleant,
1146 2488 1248 2527 absque
1270 2499 1314 2520 re-

249 2530 369 2561 sistentia
387 2529 520 2567 qualibet,
538 2538 606 2559 cum
622 2526 736 2558 effeetu.

281 2568 315 2600 In
337 2568 431 2605 cujus,
448 2568 509 2598 &c.

314 2606 380 2637 Dat.
397 2607 426 2636 in
442 2606 547 2636 Palatio
563 2604 651 2644 Regis
664 2602 791 2634 Westm.
807 2602 932 2634 secundo
948 2602 994 2633 die
1004 2600 1093 2641 Junii.

936 2683 989 2710 Per
1004 2679 1088 2720 ipfimz
1103 2683 1208 2720 Regem.

266 2810 328 2842 Pro
352 2806 486 2854 Philippo
508 2804 544 2838 de
566 2809 722 2840 Navarra
747 2803 782 2836 de
806 2807 1004 2850 Atremptatis
1029 2814 1131 2836 contra
1148 2804 1288 2849 formam

563 2855 764 2888 varranum}
790 2853 975 2900 reparandis.

93 2930 168 2963 Arm·
184 2932 224 2964 D·
249 2939 374 2996 REX
392 2941 493 2971 eisdem
513 2940 646 2972 Salutem.

121 2972 204 3008 1358.
343 2980 544 3017 Intelleximus,
563 2979 643 3018 quod
657 2978 790 3009 nonnulla
805 2976 919 3015 Castra,
935 2977 1028 3017 Villae,
1048 2977 1234 3017 Munitiones,
1242 2977 1312 3009 For—

92 3013 146 3037 An.
159 3019 202 3046 32-
243 3020 347 3057 talitia,
365 3021 398 3051 ἃ
413 3019 463 3049 ali-a
479 3018 578 3056 Loca,
596 3017 698 3049 Ten-re
712 3019 745 3049 &
760 3017 914 3054 Dominia‚

91 3054 123 3078 ῑ-
144 3058 168 3093 3:
280 3059 359 3097 Qae
373 3057 423 3094 ad,
440 3056 574 3087 dilestum
591 3056 843 3095 consanguineum
858 3055 891 3085 &
908 3055 1022 3085 fidelem
1039 3054 1184 3093 nostrum,
1204 3054 1312 3093 Philip-

123 3087 188 3116 me'·
242 3107 315 3136 pum
341 3095 377 3126 de
410 3094 557 3131 Navarra,
581 3095 689 3126 ratione
717 3093 869 3125 Traetatus
890 3094 923 3125 &
947 3093 1124 3124 Concordiae
1146 3095 1215 3124 inter
1243 3094 1313 3125 Nos

245 3138 280 3169 &
295 3134 386 3173 ipsum
401 3133 567 3171 Philippum
582 3143 671 3174 nuper
692 3134 826 3164 initorum
836 3156 844 3170 ,
860 3133 1012 3170 pertinent,

281 3173 336 3205 Per
356 3173 464 3204 Gentes
478 3170 586 3202 nostras
601 3173 630 3202 in
644 3172 766 3209 partibus
782 3172 975 3202 Normanniae
991 3179 1071 3209 capta
1092 3170 1143 3201 {int
1166 3171 1200 3201 &
1224 3181 1315 3201 occu-

242 3221 323 3254 pata,
341 3213 374 3244 &
389 3220 485 3242 contra
501 3209 625 3240 formam
641 3209 794 3241 Traetatus
808 3211 842 3242 &
858 3209 1036 3240 Concordiae
1054 3209 1257 3248 praedietorum
1271 3210 1316 3239 in-

244 3253 341 3283 debite
356 3251 484 3289 detenta,
501 3259 534 3279 ac
549 3249 625 3287 plura
639 3249 688 3280 alia
703 3248 879 3280 Gravamina
892 3248 943 3280 fibi
956 3250 990 3281 δέ
1010 3248 1061 3279 suis
1082 3247 1224 3278 Gentibus
1244 3248 1316 3277 irro-

262 3300 303 3322 ata

241 3300 261 3331 g
282 3314 368 3367 hfos,
389 3328 516 3359 volentes
537 3337 585 3364 ea,
612 3335 675 3364 qure
703 3326 741 3358 fic
761 3325 895 3358 Traetata
920 3326 954 3357 δί
973 3324 1159 3355 Concordata
1179 3323 1317 3363 existunt,

248 3376 385 3408 quantum
408 3366 442 3397 ad
466 3376 517 3396 nos
537 3367 652 3403 attinet,
676 3363 835 3403 observari,
861 3366 895 3396 &
924 3363 1052 3394 indebite
1080 3364 1270 3401 Attemptata,
1296 3365 1315 3394 si

271 3416 313 3436 uae
342 3406 444 3435 fuerint
457 3428 467 3443 ,
495 3403 639 3436 reformari
655 3427 664 3442 ,
697 3402 897 3440 assignavimus
931 3412 983 3432 vos
1012 3402 1044 3432 ad
1076 3401 1317 3433 Informationem

248 3416 330 3482 super
348 3443 494 3482 praemissis
510 3466 519 3482 ,
545 3444 596 3473 viis
614 3443 649 3474 &
678 3441 773 3472 modis
793 3442 894 3480 quibus
917 3441 1017 3471 melius
1038 3441 1183 3478 poteritis,
1205 3442 1318 3478 capien-

250 3482 322 3514 dum

285 3520 324 3551 Et
331 3505 371 3550 ’ad
387 3521 482 3550 omnia
500 3519 655 3558 Castra,V
658 3519 730 3555 illas,
747 3518 940 3555 MunitioneS,
960 3518 1117 3555 Fortalitia,
1138 3516 1230 3554 Loca,
1243 3517 1318 3548 Ter-

251 3569 309 3598 ras,
325 3560 358 3591 &
376 3558 513 3588 Dominia
525 3569 602 3597 ,quae
620 3569 668 3596 per
683 3557 920 3588 Informationem
936 3556 1095 3594 hujusmodi
1111 3557 1270 3596 inveneritis
1285 3556 1319 3586 ad

252 3598 344 3635 ipsum
357 3597 537 3636 Philippum,
554 3599 658 3628 ratione
673 3595 826 3627 Traetatfis
846 3596 880 3627 δε
902 3594 1077 3625 Concordiae
1099 3595 1319 3633 praediffitomm,

252 3635 451 3666 rationabiliter
473 3637 628 3673 pertinere,
660 3636 693 3665 &
715 3646 763 3673 per
786 3635 896 3665 Gentes
921 3633 1025 3664 nostras
1046 3635 1075 3663 in
1102 3633 1183 3662 dicto
1204 3632 1319 3677 Queatu

253 3673 447 3704 Normanniae
466 3682 564 3710 capta,
590 3683 727 3710 occupata
743 3697 751 3709 ,
778 3675 811 3704 ὃς
835 3681 934 3703 contra
955 3672 1082 3702 formam
1105 3671 1256 3701 Tractatus
1286 3673 1319 3702 &

253 3710 430 3742 Concordiae
444 3711 646 3750 praedietorum
660 3712 760 3748 injuste
776 3712 886 3743 detenta
899 3710 965 3749 effe,
983 3711 1077 3742 eidem
1093 3709 1242 3747 Philippo,
1256 3711 1319 3748 jux-

253 3756 282 3779 ta
294 3751 416 3781 formam
433 3748 584 3781 Traetatsis
598 3749 817 3781 &Concordiae
831 3751 1011 3789 eorumdem,
1029 3750 1062 3780 δε
1077 3749 1189 3779 rationis
1204 3750 1322 3786 exigen-

257 3788 327 3818 tiam
338 3811 347 3825 ,
362 3789 561 3819 restituendum
570 3811 581 3826 ,

293 3825 330 3855 Et
343 3826 376 3854 ad
391 3829 487 3857 omnia
502 3828 562 3866 alia,
582 3835 630 3864 per
645 3826 778 3856 Subditos
791 3826 898 3857 nostros
912 3827 1018 3857 ibidem
1031 3825 1154 3856 indebite
1163 3824 1322 3863 Attempta-

254 3871 299 3900 ta,
324 3863 550 3904 reformandum,
568 3865 770 3903 reparandum,
794 3865 826 3895 δε
853 3865 1076 3903 corrigendum,
1101 3864 1134 3895 &
1155 3863 1189 3893 ad
1214 3863 1323 3894 Statum

255 3900 386 3932 debitum
403 3903 613 3943 reducendum,
632 3911 717 3941 prout
731 3903 766 3933 de
774 3904 835 3941 jure
849 3904 882 3934 &
897 3914 949 3941 pro
971 3904 1082 3934 honore
1104 3901 1202 3933 nostro
1223 3902 1324 3933 melius

259 3940 381 3971 videritis
395 3939 567 3972 faciendum.

294 3977 332 4047 1th
346 3978 412 4007 ideo
427 3979 509 4019 vobis
524 3980 705 4019 mandamus,
722 3977 784 4016 &a
803 3985 834 4010 ut
844 3978 940 4017 stapra.

327 4025 364 4048 at.
383 4024 412 4046 ut
431 4020 518 4054 lupia.

1022 4068 1075 4095 Per
1092 4064 1176 4105 ipfiem
1187 4067 1294 4104 Regem.

768 144 1561 204 CONVENTIONEs,
1616 147 1988 195 LITERAE,

2433 256 2510 291 Ann.
2527 261 2561 296 Ι),

2460 299 2546 340 1358.

2430 340 2484 366 An.
2501 348 2561 377 3²³·

1348 403 1435 459 RE
1445 405 1493 443 X,
1511 406 1621 438 dilec‘fis
1637 407 1670 437 &
1685 405 1813 438 fidelibus
1826 406 1893 444 suis,
1908 405 2038 437 Thomae
2050 405 2087 436 de
2101 404 2265 444 Musgrave,
2283 402 2416 434 Thornae
2429 380 2511 444 sico?
2520 424 2561 453 3²·

1381 481 1401 512 S
1424 443 1467 488 ‚de
1475 444 1576 514 Grayc,1
1588 447 1622 477 &
1638 445 1800 477 Willielmo
1813 445 1850 476 de
1863 445 1983 484 Heron,
2001 443 2135 475 Salutem.
2283 467 2285 470 .
2430 456 2464 480 E,
2486 463 2513 491 3,
2530 450 2561 484 mg

1403 490 1481 512 eiatis
1516 486 1556 514 uo
2456 513 2463 521 ,
2555 498 2561 505 2

1384 519 1466 551 Cum
1482 493 1654 560 kltercaitim
1672 524 1743 554 inter
1758 523 1826 561 Nos
1842 523 1876 555 &
1888 521 2082 553 Willielmum
2096 520 2133 552 de
2152 519 2296 558 Douglas,
2313 519 2418 551 habea.-
2434 498 2452 528 5

1347 567 1390 590 tur
1404 559 1483 597 super
1494 561 1627 597 captione
1639 562 1672 592 &
1688 562 1850 592 detentione
1870 560 1964 592 Castri
1985 561 2031 592 del
2054 560 2244 597 Hermitage,
2259 568 2295 589 eo
2314 558 2396 597 quod
2407 579 2419 596 ‚

1346 608 1401 636 pro
1414 597 1494 629 Parte
1508 597 1602 628 nostra
1614 597 1748 638 asseritur,
1762 599 1892 631 Castrum
1900 599 1966 630 illud
1979 608 2055 630 extra
2066 598 2274 630 Poffeffionem
2282 597 2419 634 nostram,

1346 645 1475 675 tempore
1489 637 1689 674 Treugarum,
1704 638 1776 668 inter
1790 639 1856 668 Nos
1870 639 1902 669 &
1916 638 2093 669 Adversarios
2107 636 2218 668 nostros
2240 635 2347 667 Scotiae
2366 646 2420 666 nu-

1347 685 1397 714 per
1413 676 1563 714 initarum,
1583 685 1632 714 per
1648 675 1759 706 dictum
1771 676 1965 707 Willielmum
1979 677 2013 708 &
2025 677 2076 708 fibi
2090 676 2276 708 Adhaerentes
2290 682 2421 718 captum,

1347 715 1381 746 &
1397 725 1429 745 ea
1442 715 1594 783 occaisione
1607 714 1642 745 ad
1657 713 1726 745 Nos
1738 714 1801 744 fore
1813 714 2014 745 restituendum
2022 738 2032 754 ,
2052 715 2131 754 quod
2144 715 2227 746 altera
2240 723 2300 753 pars
2323 722 2421 743 omm-

1347 755 1389 784 no
1405 761 1501 783 contra
1524 754 1573 784 icit

1387 791 1403 811 ⁴*
1424 791 1479 822 Per
1494 776 1603 831 Quod’,
1620 791 1656 822 de
1671 790 1775 822 assensu
1790 790 1929 829 utriusque
1944 790 2042 830 Partis,
2059 793 2267 824 concordatum
2284 790 2326 822 est
2339 789 2420 829 quod
2435 782 2454 803 ⁴⁸
2466 785 2561 818 V1·86.

1348 830 1460 861 dietum
1475 830 1635 869 Negotium
1652 841 1700 868 per
1717 838 1807 861 certos
1821 830 1967 868 Arbitros,
1986 840 2035 867 per
2056 838 2201 870 utramque
2220 830 2335 862 Partem
2355 828 2419 859 assi—

1348 878 1451 906 gnatos
1466 869 1511 899 vel
1525 868 1721 908 assignandos,
1738 870 1767 899 in
1783 869 1877 909 aliquo
1893 877 1973 899 certo
1987 869 2069 906 loco,
2089 870 2121 898 in
2138 869 2272 901 Marchia
2293 868 2419 906 Regno-

1348 918 1411 938 rum
1429 908 1541 947 Angliae
1558 908 1590 938 ὃς
1613 907 1736 946 Scotiae,
1753 909 1802 938 ubi
1825 908 1925 938 melitis
1946 907 2005 938 fieri
2029 908 2150 946 poterit,
2166 908 2329 940 adinvicem
2349 917 2423 938 con*

1348 955 1498 984 venturos,
1517 946 1677 977 discutiatur
1691 947 1725 977 &
1740 947 1922 984 terminetur,

1388 985 1473 1024 Nos,
1491 985 1526 1016 de
1542 985 1802 1023 circumspectione
1815 985 1847 1015 &
1862 983 1992 1016 fidelitate
2000 984 2093 1016 vestra
2109 984 2217 1022 plenius
2233 983 2421 1023 confidentes,

1349 1023 1547 1063 affignaVimus
1560 1034 1630 1062 VOS,
1648 1024 1831 1062 conjunetim
1845 1023 1879 1054 &
1894 1024 2020 1062 divisim,
2039 1025 2180 1061 Arbitros,
2196 1033 2251 1064 pro
2267 1024 2350 1054 Parte
2363 1031 2419 1053 no-

1348 1061 1422 1100 stra,
1441 1063 1475 1093 ad
1499 1062 1710 1093 informandum
1733 1072 1801 1103 vos,
1817 1062 1870 1092 unii
1891 1072 1960 1092 cum
1976 1062 2027 1093 illis
2049 1072 2119 1103 quos
2135 1063 2228 1094 dietus
2242 1062 2418 1093 Willielmus

1349 1100 1501 1140 Arbitros,
1517 1111 1570 1140 pro
1584 1101 1666 1132 Parte
1682 1101 1743 1140 sua,
1762 1101 1915 1132 vobiscum
1930 1101 1965 1131 ad
1980 1101 2037 1132 hoc
2053 1101 2219 1140 assignavit,
2237 1100 2283 1132 vel
2297 1100 2418 1138 assigna·

1348 1149 1378 1168 re
1394 1139 1531 1179 voluerit,
1550 1150 1599 1177 per
1612 1140 1828 1171 Sacramentum
1849 1140 2075 1176 Fidedignorum
2099 1140 2294 1172 Marchiarum
2316 1138 2419 1178 praedi-

1348 1177 1458 1208 aarum
1469 1201 1478 1216 ,
1488 1180 1565 1217 juxta
1577 1177 1801 1210 Consuetudines
1816 1177 1941 1210 Partium
1955 1178 2080 1217 illarum,
2097 1178 2131 1209 &
2145 1180 2204 1209 aliis
2225 1179 2278 1211 viis
2293 1178 2326 1210 &
2350 1187 2416 1208 rno-

1348 1215 1406 1255 dis,
1424 1218 1525 1256 quibus
1547 1217 1647 1247 melius
1670 1218 1797 1256 expedire
1818 1218 1954 1254 videritis,
1971 1218 2068 1248 utrum
2094 1216 2227 1247 Castrum
2244 1217 2419 1255 praedidtutn
2481 1243 2486 1246 ,

1349 1262 1480 1292 tempore
1493 1256 1675 1293 Treugarum
1691 1257 1891 1294 praedictarum
1906 1265 2038 1295 captum,
2056 1255 2090 1286 &
2105 1255 2140 1285 ad
2154 1255 2225 1294 nos,
2240 1255 2273 1286 ea
2293 1255 2328 1287 de
2350 1266 2417 1288 cau·
2446 1269 2448 1271 ·

1348 1294 1392 1331 sfi,
1411 1293 1613 1325 restituendum
1628 1295 1711 1325 fuerit
1726 1305 1833 1333 necne,

1384 1331 1422 1362 Et
1436 1332 1471 1363 ad
1488 1333 1624 1365 Rationes
1635 1334 1667 1364 &
1684 1333 1883 1374 Allegationes,
1899 1343 1933 1364 ex
1946 1341 2060 1373 utraque
2075 1333 2159 1365 Parte
2174 1332 2254 1371 super
2270 1334 2428 1371 praemiffisr
2536 1327 2561 1350 i

1347 1372 1559 1411 proponendas,
1578 1372 1769 1412 audiendum,
2338 1376 2342 1379 ’
2554 1381 2559 1387 ·

1384 1409 1421 1440 Et
1439 1410 1474 1441 ad
1493 1410 1705 1449 procedendum
1721 1411 1754 1442 ὃς
1773 1411 2008 1450 cognoscendum
2028 1411 2058 1442 in
2075 1410 2211 1449 Negotio
2230 1410 2383 1450 praedieto,

1346 1486 1365 1518 d
1382 1448 1421 1479 Et
1446 1449 1480 1480 ad
1507 1451 1585 1482 idem
1620 1450 1788 1488 Negotium
1821 1449 1938 1481 finaliter
1970 1450 2175 1481 discutiendum
2199 1449 2233 1481 &
2265 1451 2420 1481 terminan·
2546 1486 2558 1504 e

1367 1497 1416 1518 um
2536 1498 2542 1504 ·

1384 1512 1434 1557 Et⁷
1451 1526 1486 1557 ad
1521 1527 1621 1559 omnia
1652 1528 1703 1558 alia
1736 1527 1865 1558 facienda
1900 1537 1964 1566 quae
1996 1526 2150 1559 necessaria
2181 1527 2286 1559 fuerint
2309 1529 2340 1560 in
2365 1526 2421 1559 hac

1346 1574 1423 1603 parte
1437 1577 1442 1582 ·

1382 1589 1492 1634 Rat⁷um
1508 1605 1547 1636 ὃς
1568 1604 1689 1636 Gratum
1711 1605 1832 1636 habituri
1847 1604 1983 1644 quicquid
2005 1614 2054 1643 per
2076 1616 2145 1645 vos,
2163 1615 2212 1644 per
2226 1605 2349 1645 aliquem
2368 1614 2419 1635 ve·-

1344 1640 1437 1673 strum
1472 1645 1589 1674 nomine
1605 1643 1721 1682 nostro,
1741 1646 1794 1674 una
1807 1645 1877 1674 curn
1893 1644 2033 1682 praedietis
2048 1644 2179 1683 Arbitris,
2199 1655 2248 1683 per
2262 1643 2413 1682 praefaturn

1346 1666 1540 1725 willielmum
1557 1681 1592 1711 fic
1606 1682 1746 1720 assignatis
1760 1682 1804 1713 vel
1821 1682 2007 1721 affignandis,
2024 1682 2135 1713 Aetum
2150 1683 2194 1715 vel
2211 1683 2335 1715 Gestum
2355 1681 2417 1713 fue-

1346 1728 1380 1749 rit
1397 1730 1426 1749 in
1440 1719 1596 1757 praemissis.

1382 1756 1417 1788 In
1436 1759 1531 1797 cujus,
1552 1759 1613 1789 &c.

1418 1795 1488 1828 Dat.
1503 1797 1576 1835 apud
1591 1797 1896 1836 Westmonasterium‚
1916 1796 1993 1828 sexto
2009 1796 2055 1828 die
2067 1797 2155 1836 Junii.

1403 321 1454 359 De
1474 320 1682 354 Altercatione
1696 321 1788 368 fhper
1810 324 1942 368 captione
1966 318 2064 363 Castri
2085 318 2121 352 de
2146 319 2344 365 l’Ermitage.

2106 1875 2161 1905 Per
2177 1851 2264 1914 ipfiam*
2279 1875 2382 1912 Regem.

1347 2000 1395 2032 De
1427 1997 1569 2032 Arbitris
1592 1997 1741 2046 affignatis
1755 2026 1765 2042 ‚
1792 1999 1884 2045 sicper
1909 2001 2048 2046 Captione
2080 1997 2177 2044 Castri
2200 1999 2335 2047 pradisii
2345 2026 2356 2042 ,
2380 2002 2418 2038 &-

1759 2051 2014 2094 Prisonariorum.

1412 2132 1438 2164 E
1448 2133 1496 2172 X,
1513 2133 1619 2164 djleffls
1633 2133 1667 2164 &
1683 2132 1809 2164 fideiibus
1823 2132 1884 2173 suis,
1902 2134 2033 2165 Thomae
2047 2133 2271 2173 deMusgrave,
2287 2133 2419 2166 Thomae
2443 2128 2516 2161 Ann-
2528 2127 2558 2160 D

1430 2173 1465 2203 de
1480 2173 1575 2212 Gray,
1590 2173 1623 2203 &
1640 2172 1804 2203 Willielmo
1818 2172 1940 2211 Heron,
1958 2173 2095 2203 Salutem.
2465 2177 2515 2208 135
2520 2168 2561 2200 8··

1385 2211 1485 2242 Sciatis
1499 2213 1596 2249 quod,
2043 2232 2046 2236 -
2282 2235 2283 2238 =
2440 2212 2493 2236 ³4⁷¹·
2511 2217 2553 2245 3²·

1382 2249 1462 2280 Cum
1480 2250 1722 2288 Altercatio,inter
1736 2259 1788 2279 nos
1801 2250 1834 2280 ὃς
1850 2248 1986 2288 quosdam
2001 2249 2036 2280 de
2045 2249 2154 2287 Scotia,
2170 2252 2252 2281 nobis
2260 2250 2418 2282 Adverfim-
2443 2251 2470 2275 13.
2492 2256 2518 2283 3·

1346 2296 1402 2327 teS,
1421 2289 1551 2319 habeatur
1572 2290 1630 2319 tam
1646 2289 1722 2325 super
1736 2289 1870 2325 captione
1884 2289 1918 2319 &
1938 2287 2105 2319 detentione
2119 2288 2211 2319 Castri
2233 2290 2287 2320 del’
2299 2290 2419 2322 Hermi-
2438 2295 2473 2313 m·
2490 2294 2518 2320 5·

1348 2336 1424 2365 tage,
1443 2337 1479 2357 eo
1495 2327 1573 2365 quod
1582 2350 1592 2365 ,
1610 2337 1664 2365 pro
1680 2327 1758 2357 Parte
1771 2326 1866 2357 nostra
1879 2326 2014 2364 asseritur,
2031 2327 2165 2358 Castrum
2179 2327 2246 2358 illud
2259 2337 2336 2359 eittra
2352 2328 2419 2359 Poi-

1349 2365 1493 2396 selsionem
1511 2366 1651 2404 nostram,
1670 2374 1800 2402 tempore
1813 2366 2010 2402 Ti'eugarum,
2027 2366 2097 2396 inter
2113 2366 2181 2396 Nos
2191 2367 2224 2397 &
2240 2367 2421 2398 Adversarios

1350 2404 1461 2434 nostros
1480 2404 1604 2442 Scotiae,
1623 2414 1710 2442 nuper
1733 2405 1882 2445 initarum,
1902 2414 1950 2441 per
1963 2403 2158 2444 Willielmum
2179 2403 2226 2434 de·
2240 2404 2370 2441 Douglas
2385 2407 2419 2437 δε

1350 2443 1399 2472 sibi
1417 2443 1617 2481 Adhaerentes,
1636 2452 1752 2480 captum
1770 2442 1869 2481 fuisse,
1886 2443 1919 2473 δε
1933 2442 1967 2472 ea
1982 2444 2130 2473 occasione
2142 2443 2178 2474 ad
2194 2453 2246 2474 nos
2266 2442 2330 2475 fore
2342 2445 2423 2475 resti-

1351 2482 1487 2512 tuendum
1505 2482 1591 2521 (quod
1612 2481 1689 2511 idem
1712 2481 1885 2512 Willieimus
1899 2482 2019 2511 omnino
2039 2482 2221 2519 contradicit)
2265 2484 2329 2512 uam
2343 2483 2422 2522 supet

1352 2519 1493 2559 Captione
1506 2522 1538 2551 ὅ(
1554 2521 1728 2551 Detentione
1745 2520 1911 2551 Archibaldi
1941 2519 1976 2550 de
1994 2518 2142 2559 Dougias,
2160 2521 2194 2551 &
2228 2531 2230 2534 ·
2261 2521 2369 2552 iilielmi
2387 2523 2424 2554 de

1353 2558 1466 2597 Tours,
1484 2560 1517 2589 ὃς
1532 2559 1651 2589 aliorum
1665 2559 1700 2588 de
1715 2558 1812 2588 Scotia
1827 2568 1896 2589 cuni
1910 2558 1972 2595 ipsis
1987 2567 2144 2597 captorum,
2162 2561 2211 2598 qui
2225 2559 2324 2590 dicunt
2338 2559 2365 2591 se
2376 2562 2423 2591 in-

1352 2596 1393 2626 fra
1408 2597 1553 2636 Treugas,
1568 2599 1640 2628 inter
1663 2597 1731 2627 Nos
1753 2597 1785 2627 &
1801 2596 1892 2627 distos
1916 2596 2097 2634 Adversarios
2112 2597 2222 2628 nostros
2230 2597 2342 2628 >Scotiae
2358 2599 2423 2629 ulti-

1354 2637 1407 2665 mo
1424 2636 1518 2673 initas,
1538 2647 1586 2674 per
1601 2636 1736 2674 quosdam
1753 2635 1884 2665 Subditos
1900 2634 2010 2664 nostros
2024 2644 2122 2672 captos
2134 2636 2232 2674 fuiffe,
2251 2637 2285 2668 &
2308 2637 2337 2666 in
2359 2636 2423 2668 Pri-

1350 2673 1417 2704 sona
1431 2674 1523 2704 nostra
1539 2675 1666 2705 detentos
1682 2673 1749 2712 elie,
1765 2683 1887 2712 petentes
1902 2672 1974 2713 ipsos
1985 2673 2018 2703 ea
2033 2674 2181 2705 occasione
2194 2685 2209 2705 a
2224 2674 2336 2706 Prisona
2350 2686 2424 2713 prae-

1351 2712 1427 2742 dieta
1440 2713 1550 2752 quiete,
1569 2713 1602 2744 &
1617 2712 1718 2752 absque
1742 2711 1974 2751 Redemptione‚
1989 2712 2067 2750 juxta
2089 2712 2215 2744 formam
2237 2713 2424 2752 Treugarum

1351 2751 1461 2782 illarum
1472 2775 1481 2790 ,
1497 2752 1640 2782 deliberari
1649 2774 1658 2789 ,
2004 2785 2007 2788 ,
2176 2768 2179 2771 -
2418 2770 2426 2789 ¹.

1388 2789 1442 2820 Per
1465 2791 1559 2829 quod,
1578 2791 1613 2821 de
1634 2789 1740 2821 assensu
1761 2789 1898 2830 utriusque
1923 2787 2026 2828 Partis,
2044 2789 2254 2821 concordatum
2276 2791 2317 2822 est
2342 2791 2419 2830 quod

1349 2829 1460 2859 dietum
1476 2829 1636 2864 Negotium
1650 2839 1699 2867 per
1713 2838 1804 2860 certos
1830 2828 1974 2867 Arbitros,
1993 2838 2040 2866 per
2056 2837 2143 2860 utram
2166 2839 2200 2859 ue
2222 2829 2336 2860 Partem
2357 2829 2420 2860 affi-

1349 2876 1449 2906 gnatos
1460 2868 1506 2898 vel
1522 2868 1717 2906 affignandos,
1735 2869 1765 2897 in
1779 2867 1873 2906 aliquo
1888 2877 1967 2898 certo
1987 2867 2093 2907 Loco,
2109 2868 2140 2898 in
2189 2868 2284 2898 archia
2298 2867 2421 2906 Regno-

1348 2916 1411 2936 rum
1434 2906 1547 2947 Angliae
1570 2908 1603 2937 &
1619 2907 1743 2945 Scotiae,
1762 2907 1812 2937 ubi
1830 2905 1931 2936 melius
1952 2904 2010 2936 fieri
2029 2907 2152 2944 poterit,
2168 2905 2329 2947 adinvicem
2345 2915 2419 2938 con-¹·

1348 2954 1498 2983 venturos,
1516 2945 1675 2976 discutiatur
1691 2945 1725 2976 &
1739 2945 1926 2983 terminetur,
2203 2978 2208 2980 ,
2347 2946 2349 2948 ’
2486 2960 2488 2965 v
2506 2954 2526 2969 ν’

1384 2983 1461 3022 Nos,
1479 2985 1515 3014 de
1529 2983 1659 3015 fidelitate
1674 2985 1708 3015 ὃς
1723 2983 1982 3022 circumspectione
1995 2981 2092 3013 vestris
2105 2980 2216 3027 plenius
2229 2981 2422 3023 confidentes,
2464 3005 2467 3008 -
2483 2994 2504 3019 π,
2550 3008 2551 3013 ,

1347 3022 1544 3060 assignavimus
1563 3032 1632 3060 vos,
1652 3021 1833 3061 conjunffim'
1852 3022 1886 3051 &
1903 3021 2032 3058 divisim,
2049 3019 2181 3051 Arbitros
2196 3031 2248 3059 pro
2263 3020 2344 3053 Parte
2359 3024 2415 3052 n'o-
2548 3035 2552 3042 ·

1347 3061 1417 3098 stra,
1434 3061 1488 3092 unii
1502 3071 1569 3092 cum
1583 3061 1640 3091 aliis
1653 3060 1791 3092 Fidelibus
1804 3058 1904 3089 nostris
1923 3059 2003 3097 (quos
2019 3058 2095 3097 prius
2108 3059 2142 3090 ad
2155 3060 2328 3098 Attemptata
2340 3070 2414 3100 cori-v
2484 3082 2490 3087 ·
2510 3076 2537 3085 ψ·
2549 3076 2561 3084 w

1349 3108 1390 3130 tra
1404 3100 1529 3130 formam
1545 3099 1745 3137 Treugarum,
1763 3099 1835 3128 inter
1850 3097 1918 3128 Nos
1933 3098 1966 3128 δε
1989 3097 2168 3130 Adversarios
2187 3094 2296 3129 nostros
2310 3098 2420 3130 Scotiae
2468 3110 2469 3113 ¹
2508 3105 2509 3108 ’

1351 3147 1414 3169 ante
1435 3138 1496 3170 haec
1516 3147 1644 3177 tempora
1666 3138 1813 3175 mirarum,
1831 3135 2011 3167 reformanda
2033 3135 2248 3174 constituimus)
2273 3137 2307 3168 ad
2329 3138 2420 3168 infor-
2494 3151 2500 3158 ’

1352 3176 1488 3207 mandum
1505 3187 1570 3215 vos,
1589 3178 1642 3207 una
1657 3186 1724 3207 cum
1741 3175 1805 3214 ipsis
1821 3174 1962 3206 Fidelibus
1976 3175 2090 3214 nostris,
2109 3176 2143 3208 &
2159 3176 2265 3206 caeteris
2288 3175 2419 3207 Personis
2472 3212 2477 3216 q

1352 3215 1478 3257 idoneis,
1497 3226 1562 3253 quas
1575 3215 1667 3246 dietus
1679 3214 1868 3262 Willielmus,
1887 3214 1920 3245 ὅ(
1934 3213 1978 3244 alii
1992 3213 2147 3246 Adversarii
2162 3214 2250 3245 nostri
2265 3214 2300 3245 de
2323 3215 2422 3246 Scotia
2442 3234 2457 3242 κ
2512 3212 2522 3223 ’

1353 3253 1499 3292 praedicti,
1517 3254 1646 3284 Arbitros
1661 3264 1713 3292 pro
1728 3253 1812 3291 Parte
1823 3252 1870 3284 sua
1882 3253 2030 3284 vobiscum
2045 3252 2239 3284 constituerint
2251 3252 2296 3284 vel
2315 3253 2423 3284 consti-

1354 3300 1430 3323 tuere
1443 3292 1595 3332 voluerint,
1612 3302 1660 3331 per
1669 3292 1881 3323 Sacramentum
1898 3291 2122 3329 Fidedignorum
2140 3290 2333 3322 Marchiarum
2349 3286 2424 3330 prie-

1354 3331 1494 3362 dietarum
1503 3354 1511 3369 ,
1526 3331 1604 3369 juxta
1617 3331 1843 3363 Consuetudines
1857 3330 1980 3362 Partium
1991 3331 2116 3369 illarum,
2134 3331 2168 3362 &
2182 3329 2242 3360 aliis
2252 3329 2302 3361 viis
2316 3329 2349 3361 &
2358 3340 2424 3367 mo-

1355 3369 1414 3408 dis,
1434 3371 1532 3408 quibus
1547 3370 1646 3401 melitis
1668 3370 1798 3409 expedire
1811 3369 1950 3409 videritis,
2133 3404 2137 3405 ⁷
2346 3368 2349 3372 ’
2381 3377 2384 3380 ’
2540 3397 2544 3410 2

1391 3408 1505 3439 Utrum
1530 3407 1664 3440 Castrum
1688 3408 1858 3447 praedictum
1880 3418 1914 3440 ac
1933 3407 2039 3446 praefati
2074 3405 2278 3446 Archibaidus,
2292 3406 2423 3438 Williel-
2539 3408 2561 3447 =.{

1355 3457 1434 3486 mus,
1454 3449 1487 3479 &
1500 3447 1544 3478 alii
1558 3457 1624 3478 curn
1640 3449 1701 3486 ipsis
1713 3448 1806 3487 capti,
1823 3447 1996 3484 temporibus
2023 3429 2204 3483 *1³reugarum
2224 3445 2423 3483 praedictarum
2538 3450 2561 3483 ι’,

1354 3495 1433 3524 capta
1447 3487 1568 3526 fuerint,
1584 3488 1618 3518 &
1633 3487 1710 3518 idem
1724 3486 1857 3518 Castrum
1870 3485 1907 3521 ¹ad
1922 3485 1988 3515 Nos
2005 3493 2038 3515 ex
2055 3484 2137 3515 causa
2150 3483 2195 3514 illa
2210 3483 2422 3521 restituendum,
2537 3495 2542 3511 ι
2556 3488 2561 3526 ,j

1354 3525 1388 3555 &
1408 3525 1556 3564 praediffi,
1573 3525 1777 3563 Archibaldus,
1794 3522 1983 3561 Willielrnus,
2000 3522 2034 3554 &
2055 3523 2100 3554 alii
2122 3532 2193 3553 cum
2214 3522 2276 3560 ipfis
2298 3523 2388 3565 capti,
2405 3531 2422 3552 a
2538 3528 2541 3531 ·

1356 3562 1471 3631 Priscilona
1482 3565 1634 3604 przedida,
1651 3564 1684 3595 ea
1697 3563 1864 3601 occasione,
1880 3562 1931 3593 sint
1953 3562 2052 3600 absque
2068 3560 2299 3601 Redemptione‚
2315 3560 2423 3590 delibe-

1354 3612 1402 3632 ran
1425 3613 1433 3632 i
1449 3613 1539 3633 necne

1393 3640 1431 3670 Et
1446 3641 1481 3671 ad
1494 3626 1628 3671 Rat’iones
1643 3641 1676 3671 &
1692 3639 1888 3680 Allegationes,
1907 3648 1941 3670 ex
1956 3647 2072 3678 utraque
2086 3634 2167 3669 Parte
2179 3635 2258 3675 ssiper
2271 3635 2420 3674 Praemlffis

1357 3679 1569 3718 proponendas,
1586 3679 1773 3717 audiendum,
2294 3713 2300 3719 ,

1361 3718 1424 3786 dg}
1438 3718 1475 3749 Et
1497 3718 1532 3749 ad
1558 3718 1774 3756 procedendum
1804 3719 1838 3749 &
1867 3716 2103 3755 cognoscendum
2134 3715 2175 3753 in*
2189 3713 2322 3754 Negotio
2351 3723 2425 3753 prae-

1383 3767 1391 3785 1
1424 3766 1444 3786 o
2268 3774 2269 3777 =
2292 3775 2294 3777 >

1362 3832 1382 3863 d
1399 3794 1435 3824 Et
1451 3779 1494 3825 'ad
1523 3794 1602 3826 idem
1633 3794 1801 3833 Negotium
1826 3793 1943 3826 finaliter
1975 3789 2179 3837 discutiendum
2211 3792 2245 3835 δε
2275 3792 2430 3838 terminan-

1384 3843 1435 3862 um
2440 3845 2453 3864 .·
2469 3844 2474 3863 t
2491 3844 2513 3864 ,ι-
2533 3837 2535 3843 ⁴

1398 3871 1434 3911 Et
1444 3855 1486 3902 'ad
1503 3873 1600 3902 omnia
1617 3871 1668 3902 alia
1683 3871 1810 3903 facienda
1828 3880 1891 3909 quae
1907 3869 2055 3900 neoessaria
2073 3867 2178 3898 fiierint
2196 3869 2227 3898 in
2245 3868 2298 3900 hac
2315 3875 2410 3907 parte;
2491 3884 2509 3907 ,-

1400 3909 1511 3940 Ratum
1533 3910 1567 3941 &
1596 3918 1705 3951 gratum
1733 3909 1854 3940 habituri
1868 3908 2001 3947 quicquid
2017 3914 2067 3944 per
2088 3916 2157 3945 vos,
2174 3906 2220 3937 vel
2240 3907 2363 3946 aliquem
2377 3911 2428 3938 ve-
2457 3935 2461 3939 .
2487 3923 2490 3928 v
2512 3931 2516 3934 -

1362 3946 1471 3986 strum,
1486 3950 1603 3979 nomine
1615 3948 1725 3985 nostro,
1743 3949 1774 3978 in
1788 3947 1882 3978 sonna
1893 3946 2016 3984 superius
2030 3944 2164 3985 expressa,
2182 3945 2293 3979 Actum
2305 3945 2352 3978 vel
2363 3943 2430 3977 Ge.-

1364 3985 1439 4016 stum
1456 3987 1536 4017 fuerit
1554 3989 1582 4017 in
1601 3985 1755 4025 praemiffis.
2479 3989 2487 4008 ·.

1403 4024 1438 4055 In
1453 4025 1551 4064 cujus,
1571 4025 1632 4056 δίε.

1403 4063 1470 4096 Dat.
1483 4064 1557 4102 apud
1570 4062 1876 4100 Westnionasterium,
1892 4060 1967 4093 sexto
1986 4060 2034 4092 die
2043 4059 2132 4099 Junii.

2442 3706 2462 3728 a}
2470 3701 2533 3734 VH]

2389 4100 2435 4128 De
