2561 4251
5 227 83 255 Anii.
99 223 141 254 D.
158 229 287 259 Militum
296 250 305 265 ‚

35 272 118 303 1371·

6 304 73 330 Eilv.
97 312 121 339 3,

50 2436 70 2456 ³
90 2438 143 2467 VI.

34 2476 101 2505 681.

657 126 1238 177 CONVENTIO

179 143 260 182 180

1268 126 1470 178 NES,
1535 118 1928 178 LITERAE,

322 228 354 257 ἃ
378 225 453 255 pem
475 223 511 252 de
534 222 612 261 ΜΕ),
631 221 775 253 canonici
798 219 964 256 Dumium,
987 213 1221 247 Consiliariorum
1260 212 1396 243 &uaiium
1416 212 1660 257 januenfium3'fi
1679 211 1746 249 quas
1766 211 1816 250 ipsi
1836 210 2014 251 comuniter,
2027 212 2074 243 vel
2093 209 2218 251 ipsorum
2235 210 2331 251 aliquis
2352 208 2428 242 Anti.
2440 210 2504 253 D„

158 268 288 304 suorum,
308 266 415 294 ibidem
431 263 609 300 presentium
620 284 628 298 ,
645 262 677 292 St
696 259 867 290 Potestatem
883 259 922 289 eis
934 259 963 287 in
978 256 1031 286 hac
1048 260 1124 294 parte
1137 249 1223 282 ‘tradi-
1262 251 1395 290 divisim,
1411 259 1521 283 ratione
1543 253 1658 290 alicujus
1679 249 1874 288 Contrafflis,
1894 250 2090 289 Debitorum,
2105 251 2150 282 vel
2165 251 2276 282 alterius
2288 251 2332 282 rei
2375 258 2460 289 1371,

158 316 217 337 tam
235 312 438 342 acceptantium
447 324 455 338 ,
470 301 554 338 plene
567 299 732 335 confidens,
742 299 943 329 Procuratores
956 296 989 327 &

160 344 338 382 conjunCtiin
353 342 384 372 ’ΞΕ
398 340 527 377 divisim,
546 339 612 369 fecit
629 339 661 368 &
677 337 836 374 ordinavit,
1056 370 1061 376 .
1085 371 1090 376 .

197 384 241 414 Ac
260 379 432 411 Potestatem
452 378 600 416 specialem
622 379 655 408 &
679 375 832 415 plenariam
855 374 914 412 eis,
939 373 973 403 &
988 371 1063 402 alteri
1083 380 1091 399 i
1114 369 1227 409 sorum,

161 422 238 453 dedit
253 421 286 450 ad
303 417 476 454 ineundum,
495 415 675 452 Faciendum,
694 413 884 451 firmandum,
899 413 932 443 &
950 420 1078 441 renovari
1100 417 1166 443 um,
1184 414 1228 435 Vl·

162 471 196 490 ce
217 458 273 489 Sua
288 480 297 493 ,
317 456 521 492 Subditorum,
538 456 572 486 δε
591 453 805 483 Dominiorum
818 451 940 491 ‚suorum
959 451 1230 488 quorumcumque,

162 496 452 532 Confuederationes,
478 493 625 523 Amicitias
639 515 648 530 ,
681 490 768 521 Pacta
782 513 792 529 ,
819 489 1052 525 conventiones,
1071 487 1105 518 ὃς
1122 484 1230 529 Ραεεζζι

166 531 340 574 supradicta,
359 543 427 563 cum
440 533 576 563 omnibus
591 531 643 560 suis
657 529 810 570 Capitulis,
828 530 857 559 in
871 529 970 559 eadem
988 524 1162 570 expressatis,
1179 529 1232 563 vus

167 576 200 606 ὃ(
223 572 330 610 modis,
352 571 466 609 Poenis,
485 569 705 607 Securitatibus,
723 569 757 599 &
776 567 964 598 Cautionibus
984 564 1148 596 melioribus
1168 568 1232 598 qui-

168 614 219 642 bus
236 611 293 642 sieri
309 619 459 650 poterunt,
478 612 511 640 &c
523 610 616 639 eidem
633 607 771 639 Concilio
787 604 927 637 videi-etur
940 604 1088 643 expedire,
1159 639 1164 645 ·

207 649 288 680 Didii
309 649 412 680 deinde
434 648 652 686 Procuratores,
671 644 830 677 successivis
850 645 962 675 Diebus
974 645 1008 675 &
1020 637 1237 681 Temporibus,

168 689 249 727 super
269 687 437 724 Praemissis,
455 696 489 717 ac
508 686 565 716 aliis
587 685 824 725 Dependentibus
844 684 879 714 &
902 681 1124 719 Emergentibus
1138 686 1172 708 ex
1185 678 1238 706 eil-

170 728 237 758 dem
254 749 264 765 ,
286 729 314 756 iri
334 725 476 764 praesentia
498 725 567 755 dieti
590 723 716 755 Concilii
740 724 843 762 Regii,
858 722 977 765 'prolixe
1000 718 1188 754 narrantes,
1204 723 1237 745 ac

170 766 288 797 multam
301 775 334 794 ac
353 773 490 794 maturam
505 763 748 794 Deliberationem
760 762 793 793 ὃ(
810 761 1023 792 Aviiamentum
1035 758 1188 792 habentes,

211 803 398 835 Attendentes
416 804 450 834 &
460 803 664 833 considerantes
678 801 829 839 perfeeticis
844 799 929 838 Qot
942 800 974 830 &
985 798 1102 836 Qianta
1115 804 1149 825 ex
1164 792 1240 824 Pace

177 843 339 878 huiusmodi
354 841 431 872 Bona
448 843 635 880 proveniant,
654 841 688 871 &
703 839 879 870 Gravamina
893 837 1082 875 depellantur,
1210 869 1221 879 Ᾱ

212 881 266 920 Ipsi
283 880 484 911 Procuratores
495 881 529 911 &
544 880 652 911 Sindici
662 903 671 918 ,
691 878 809 917 quilibet
825 876 993 914 (videlicet)
1014 884 1066 915 pro
1082 869 1243 917 P³¹5e.su3²’

175 922 240 951 vice
259 921 292 951 &
313 921 431 949 nomine
449 919 561 949 illorum
576 927 698 957 quorum
713 927 792 948 erant
808 916 1007 947 Procuratores
1021 915 1053 946 ὃ(
1067 911 1194 948 Sindici,
1211 918 1241 938 m

175 959 317 999 praesentia
333 958 414 996 ipsius
430 958 558 988 Concilii
573 958 670 996 Regii,
1104 990 1108 995 ¹

178 1012 184 1016 ·
214 997 355 1028 Invocato
369 997 402 1027 ad
418 997 476 1027 hoc
491 997 572 1036 ipsius
586 996 738 1032 Nomine,
751 994 798 1032 qui
815 994 844 1023 in
859 992 936 1023 Ort-u
948 992 1014 1030 suo,
1024 990 1150 1034 Anglico
1162 986 1244 1030 Con·

177 1046 283 1073 centu,
303 1035 407 1066 Pacem
428 1037 514 1065 bonae
534 1035 683 1066 voluntatis
705 1033 887 1064 Hominibus
899 1031 975 1062 dedit
990 1032 1019 1061 in
1034 1030 1149 1065 Terris,
1167 1026 1200 1057 &
1214 1034 1245 1054 m

174 1076 233 1114 ejus
252 1076 288 1105 ab
301 1075 359 1105 hoc
377 1073 494 1105 Mundo
509 1074 620 1105 transitu
635 1073 741 1104 Pacem
755 1071 808 1102 suis
821 1070 974 1109 Discipulis
988 1069 1122 1100 omnibus
1132 1065 1245 1102 delega-

174 1123 217 1146 vit
286 1137 288 1139 »

213 1137 345 1190 Depulsis
362 1153 431 1182 hinc
455 1150 521 1181 inde
540 1150 760 1187 Malivolentiis,
779 1147 983 1186 Rancoribus,
1003 1145 1128 1188 Riottis,
1146 1142 1245 1173 Deba-

175 1193 209 1223 tis
224 1215 233 1230 ,
255 1190 470 1229 Qiaestion'ibus
484 1213 492 1227 ,
510 1190 682 1220 A&ionibus
696 1211 705 1226 ,
725 1189 756 1219 ἃ
778 1186 968 1218 petitionibus
988 1183 1173 1223 quibussibet,
1186 1180 1246 1224 ΙΡιῑ-

177 1241 261 1268 cem,
281 1233 313 1260 &
331 1239 427 1259 veram
445 1228 662 1266 Concordiam,
681 1237 714 1257 ac
732 1227 896 1263 Amicitias,
916 1226 1054 1263 perpetuis
1070 1219 1246 1259 temporibus

177 1270 333 1305 duraturas,
354 1269 424 1298 inter
445 1267 576 1306 Regem,
594 1266 751 1303 Dominia,
770 1266 803 1296 ὅ(
826 1265 958 1295 Subditos
979 1263 1023 1293 sua
1039 1268 1246 1302 qua-cumque,

177 1318 210 1338 ac
236 1308 347 1343 diCtos,
368 1307 502 1344 Ducem,
519 1305 788 1342 Communitatem,
808 1304 841 1335 δε
865 1302 1061 1333 Distridtuales
1080 1299 1247 1343 januenses,

177 1346 329 1377 Praesentes
351 1346 383 1376 &
407 1344 556 1383 posteros,
573 1345 692 1374 inierunt
714 1344 747 1374 ὃ(
767 1343 895 1373 fecerunt
919 1341 1010 1372 modo
1031 1350 1089 1379 quo
1111 1339 1247 1370 sciverant

178 1395 224 1417 aut
240 1393 367 1425 poterant
383 1384 512 1422 meliori,

217 1425 262 1455 Ac
282 1422 567 1459 Confoederariones,
585 1422 749 1459 Amicitias,
764 1419 870 1458 Patra,
886 1418 1122 1460 ConventioneS,
1141 1418 1174 1447 &
1193 1414 1247 1445 Pa-

179 1473 243 1493 cem
266 1463 363 1499 primo
388 1462 480 1499 taeta,
497 1462 525 1491 in
547 1462 682 1491 omnibus
703 1460 753 1489 suis
777 1458 916 1497 Capitulis
930 1459 962 1489 &
978 1456 1131 1494 Clausulis,
1149 1456 1247 1493 vigore

182 1500 330 1532 Potestatis
350 1500 424 1538 sure,
443 1500 641 1539 acceptarunt,
656 1498 865 1538 approbarunt,
884 1498 1025 1534 inierunt,
1041 1496 1186 1532 fecerunt,
1203 1492 1249 1522 fir-

184 1541 313 1578 mcirunt,
330 1549 364 1569 ci<
377 1538 570 1576 habundanti,
589 1539 621 1570 ὃ(
639 1538 735 1568 denuo
750 1538 941 1574 renovarunt,

219 1578 357 1609 Volentes
377 1587 408 1608 ea
431 1579 528 1607 omnia
556 1579 590 1609 &
612 1577 713 1615 singula
733 1578 872 1614 perpetuo
889 1572 1060 1606 Inconcussa
1081 1572 1197 1608 durare,
1218 1569 1252 1600 &

183 1625 322 1648 :eternam
335 1617 438 1647 babere
456 1616 583 1646 Roboris
597 1615 792 1651 Firniitatem,

220 1656 298 1687 Non
321 1655 499 1685 obstantibus
521 1654 744 1693 quibuscumque
764 1652 919 1690 Caedibus,
941 1651 1133 1689 Homicidiis,
1150 1648 1254 1679 Robe-

181 1694 227 1725 riis
240 1718 250 1733 ,
270 1694 538 1732 Depraedationibus
554 1717 562 1731 ,
580 1693 815 1731 Spoliationibus,
833 1690 1127 1730 Transgieffionibus‚
1147 1688 1253 1719 Evces-

185 1733 258 1764 sibus
271 1756 281 1772 ,
301 1732 445 1770 Dampnis
457 1756 466 1770 ,
486 1732 611 1770 injuriis,
632 1731 798 1769 Violentiis,
814 1730 928 1767 Poenis,
949 1729 1086 1767 Incursis,
1105 1726 1254 1766 Qiaestio-

182 1773 285 1810 nibus,
305 1773 338 1803 &
361 1770 626 1808 Contentionibus,
646 1770 775 1801 Personis
797 1778 845 1800 aut
866 1769 983 1807 Rebus,
1008 1768 1100 1798 Terra
1122 1766 1255 1804 Marive,

184 1820 370 1848 quocumque
387 1810 479 1840 modo
498 1818 543 1839 aut
562 1809 713 1839 occasione
735 1808 875 1847 qualibet,
894 1807 993 1845 Datis,
1013 1806 1116 1844 illatis,
1134 1814 1181 1836 aut
1202 1805 1256 1835 Fa-

187 1851 257 1888 Ctis,
277 1849 340 1879 ullis
356 1858 478 1886 unquam
495 1849 688 1886 temporibus,
707 1848 774 1877 hinc
789 1847 832 1877 vel
847 1846 929 1884 inde,

225 1888 262 1919 Et
276 1887 428 1927 specialiter
443 1886 592 1917 occasione
629 1886 796 1916 uarumdam
810 1884 904 1916 Navis
918 1892 1029 1915 vocatae
1042 1882 1136 1914 Beatae
1151 1881 1254 1912 Mariae

185 1926 383 1966 Magdalenae,
402 1926 435 1956 &
451 1925 582 1956 Duarum
628 1926 760 1956 aritarum
775 1925 831 1955 sive
846 1923 1014 1954 Cocharutn
1028 1922 1064 1953 de
1074 1922 1180 1960 janua,
1199 1921 1255 1952 Bo-

184 1976 307 2004 norum,
326 1966 359 1996 &
381 1963 659 2002 Mercimoniorum,
679 1964 712 1994 &
734 1963 921 1994 Personarum
941 1962 1098 2000 Captarum
1111 1961 1143 1992 &
1161 1961 1256 1991 Dam-

184 2004 382 2043 pnificatarum
405 2004 434 2033 in
455 2005 510 2042 eis,
528 2003 561 2034 &
577 2004 701 2041 ipsorum
716 2002 886 2038 occasione,
906 2010 970 2040 quae
986 2001 1005 2030 si
1022 2009 1068 2031 aut
1083 2001 1191 2039 quaevis
1203 2000 1256 2030 alia

185 2052 334 2083 appareant
349 2044 377 2072 in
393 2041 536 2081 futurum,
555 2052 610 2080 pro
626 2043 707 2072 bono
721 2041 802 2073 Pacis
816 2041 850 2072 &
864 2040 1074 2071 Transactionis
1085 2038 1258 2078 hujusmodi,

185 2082 332 2113 dormient
346 2082 379 2113 ὅ(
396 2083 532 2121 perpetuo
545 2080 707 2118 cessabunt,
725 2080 814 2111 Salvis
828 2079 941 2110 inferitis
956 2078 1132 2117 expressatis,

224 2120 279 2159 Et,
298 2130 332 2151 ex
353 2120 544 2159 habundanti,
560 2119 690 2158 praediffi
714 2118 934 2157 Procuratores,
949 2118 1018 2149 hinc
1034 2118 1100 2149 inde
1114 2116 1259 2148 Nomini-

186 2159 239 2190 bus
261 2161 362 2199 quibus
387 2159 480 2205 supra,
498 2159 534 2190 de
551 2168 652 2190 eorum
673 2168 750 2190 certa
765 2159 897 2197 scientia,
915 2158 949 2188 &
963 2165 998 2188 ex
1013 2157 1092 2188 causa
1107 2156 1188 2187 Pacis
1203 2156 1257 2187 hu-

182 2199 328 2238 jusmodi,
351 2200 497 2238 quitarunt
512 2222 521 2236 ,
548 2197 711 2236 cesserunt,
736 2197 963 2235 pardonaverunt
980 2218 991 2234 ,
1009 2195 1042 2226 &
1067 2195 1256 2232 remiserunt,

188 2248 261 2268 unus
283 2238 359 2269 alteri
374 2260 383 2276 ,
401 2238 497 2268 omnia
521 2237 624 2268 Caedes
639 2259 648 2274 ,
666 2235 834 2267 Homicidia
848 2259 859 2275 ,
877 2235 1131 2273 Depraedationes‚
1149 2233 1257 2264 Trans-

187 2276 340 2316 greffiones
352 2300 362 2315 ,
379 2275 583 2315 spoliationes,
599 2275 739 2313 Rapinas,
758 2274 893 2314 Injurias,
908 2274 1082 2312 Violentias,
1104 2273 1181 2304 Dam
1205 2283 1257 2312 na,

187 2316 344 2353 Adriones,
364 2315 548 2354 Qiaestiones
585 2313 699 2352 Paerias,
716 2314 750 2345 ὅ(
770 2312 935 2345 Demandas
955 2322 1160 2352 quaecumque,
1212 2322 1257 2342 ea-

186 2354 238 2393 lia,
259 2354 433 2392 Personalia,
451 2363 535 2393 atque
590 2355 662 2389 iitta,
680 2363 744 2391 quae
759 2351 826 2384 Pars
837 2362 892 2383 una
907 2351 1035 2382 adversus
1045 2352 1176 2388 alteram,
1191 2350 1256 2381 Oc-

187 2394 343 2424 casionibus
359 2392 604 2431 quibuscumque,
623 2391 758 2428 allegare,
775 2392 930 2429 intentare,
947 2400 1124 2428 proponere,
1138 2398 1254 2428 petere,

189 2432 233 2463 vel
256 2433 274 2452 *¹²
291 2432 442 2463 vendicare
466 2432 569 2469 poterit
589 2431 618 2460 in
635 2429 766 2469 Judici0,
783 2430 828 2461 vel
847 2438 923 2460 extra
940 2429 1106 2468 Judicium,
1125 2429 1186 2459 ullis
1201 2438 1254 2458 un-

190 2481 274 2540 qluafffn
295 2471 489 2510 temporibus,
508 2468 716 2508 quovismodo,
734 2470 769 2501 &
790 2470 827 2500 ab
844 2467 957 2509 agendo
975 2470 1113 2508 perpetuo
1134 2468 1186 2498 sint
1210 2476 1258 2498 ex-

188 2519 206 2541 c
218 2520 234 2539 u
247 2522 254 2540 i

226 2532 375 2586 Iid'emque
396 2547 609 2586 Procuratores,
627 2556 676 2586 per
689 2546 865 2584 solempnem
880 2545 1099 2584 stipulationem
1112 2544 1260 2583 interposi-

191 2595 249 2617 tam
271 2587 339 2616 hinc
360 2586 443 2623 inde,
461 2587 607 2623 fecerunt,
627 2586 808 2616 Nominibu:
832 2585 934 2622 quibus
956 2584 1051 2625 supra,
1070 2585 1193 2615 Pad‘cum
1208 2593 1259 2614 ex-

193 2625 317 2665 pressum
337 2625 370 2655 &
384 2625 506 2654 validum
521 2625 556 2655 de
571 2625 683 2655 ulterius
698 2634 756 2654 non
772 2624 917 2661 Petendo,

232 2664 434 2694 promittentes
450 2663 650 2694 Procuratores
661 2662 803 2702 praediffl,
822 2662 948 2698 expresse
964 2663 998 2693 &
1013 2660 1259 2700 specialiter,Nov

194 2703 321 2733 minibus
333 2703 433 2741 quibus
450 2702 545 2739 supra,
564 2702 632 2732 hinc
648 2702 680 2732 δε
698 2701 780 2738 inde,
794 2700 874 2739 quod
891 2700 1098 2730 Occasionibus
1110 2699 1261 2739 praedictig

194 2751 241 2772 aut
262 2743 380 2780 ipi'ariiiii
404 2741 510 2778 aliqua,
531 2742 560 2770 in
580 2739 700 2779 generali
721 2740 765 2769 vel
778 2738 903 2777 speciali,
927 2748 976 2777 per
989 2739 1080 2776 ipsum
1094 2739 1262 2769 Dominum

193 2780 324 2820 Regem,
343 2778 461 2809 Curiam
476 2779 568 2816 suam,
587 2787 632 2808 aut
649 2777 812 2815 Officiales,
828 2775 982 2807 Ministros
997 2777 1074 2815 suos,
1093 2777 1137 2808 seu
1156 2777 1263 2808 Subdi-

191 2828 235 2850 tos
257 2818 395 2856 quoscum
418 2829 453 2848 ue
465 2841 473 2855 ,
490 2827 537 2848 aut
561 2817 695 2855 Ducem,
713 2816 950 2854 Comunitatem,
967 2816 1012 2845 seu
1036 2816 1263 2846 DistriCtualium

187 2858 370 2897 januensium
394 2867 407 2886 a
422 2859 534 2896 iquem,
553 2856 625 2886 nulla
640 2856 852 2893 imperpetuum
869 2854 917 2884 fiet
935 2854 979 2884 vel
993 2853 1052 2884 fieri
1067 2856 1263 2892 procurabitur

195 2896 330 2927 Offeniio
351 2897 395 2925 vel
419 2895 538 2934 injuria,
557 2895 662 2925 Petitio
683 2895 726 2924 vel
743 2893 920 2931 Requisitio,
942 2892 1065 2923 Marcha
1077 2896 1123 2923 seu
1139 2892 1264 2923 Contra-

192 2935 280 2973 prisa,
300 2935 440 2965 Detentio
463 2934 507 2964 vel
529 2933 669 2964 Arestatio
686 2956 695 2971 ,
719 2932 813 2962 Rcalis
834 2932 878 2961 vel
901 2931 1053 2962 Personalis
1068 2954 1078 2969 ,
1101 2940 1148 2962 aut
1168 2931 1264 2961 Dam-

192 2983 300 3043 ppum,
324 2973 567 3010 impedimentum
591 2972 706 3011 aliquod
725 2972 771 3002 seu
794 2969 959 3002 Gravamen
979 2980 1080 3002 contra
1102 2970 1263 3002 alterutram

220 3013 323 3042 artium
340 3011 556 3049 praediclariim,

234 3049 466 3087 Renunciantes,
489 3050 559 3080 hinc
580 3050 613 3081 &
636 3049 719 3087 inde,
746 3059 796 3087 per
817 3049 905 3079 verba
927 3047 1051 3086 specialia
1068 3048 1102 3080 &
1124 3046 1265 3085 expressa,

194 3089 345 3121 Processui
359 3089 428 3118 facti
443 3090 476 3118 &
486 3088 578 3127 juris,
596 3089 629 3119 &
644 3089 721 3119 aliter
736 3087 816 3118 fuisse
830 3087 966 3125 scriptum
982 3088 1070 3126 quam
1083 3087 1190 3117 fastum
1203 3108 1212 3123 ,
1231 3096 1264 3116 ac

195 3128 332 3159 omnibus
352 3127 592 3166 Exceptionibus,
610 3127 817 3164 Dilationibus,
837 3125 1086 3162 cavillationibus,
1107 3126 1140 3156 &
1155 3123 1266 3155 Reme-

197 3168 248 3198 diis
284 3176 349 3206 quae
370 3175 471 3197 contra
489 3165 635 3196 Praemissa
655 3175 701 3196 aut
721 3175 822 3196 eorum
838 3165 947 3203 aliqua,
966 3166 996 3195 in
1007 3164 1141 3203 Judici0,
1157 3172 1205 3194 aut
1219 3172 1266 3192 ex-

198 3215 239 3236 tra
272 3206 416 3243 udicium,
434 3204 541 3242 allegari
564 3213 696 3241 poterunt
708 3204 753 3234 seu
769 3205 914 3242 proponi,
932 3205 965 3235 &
983 3203 1134 3243 specialiter
1145 3201 1207 3240 Juri
1223 3201 1267 3231 di-

197 3246 274 3276 centi
290 3244 462 3274 Generalem
477 3243 739 3273 Renunciationem
755 3252 813 3272 non
830 3243 939 3280 valere,

236 3284 364 3314 Retento
382 3282 490 3321 semper
510 3283 544 3313 ὃς
560 3282 634 3311 fiilvo
649 3281 718 3311 dicsti
732 3280 897 3319 PascalotO,
913 3291 944 3312 ut
958 3279 1141 3311 Procuratori
1154 3280 1188 3310 &
1202 3278 1266 3308 Sin-

197 3322 265 3353 dico
292 3321 450 3359 supradiCto
466 3343 476 3359 ,
503 3320 693 3350 Ordinatione
707 3343 716 3358 ,
744 3318 898 3350 Voluntate
912 3343 922 3358 ,
948 3320 994 3350 seu
1014 3318 1131 3349 Aliensu
1151 3317 1269 3355 Regio,

199 3371 286 3399 quam
314 3363 348 3391 ὅ(
372 3369 459 3400 quem
484 3359 518 3389 ad
543 3359 715 3390 Petitionem
737 3359 771 3388 &
796 3357 969 3398 Requestam
991 3357 1115 3395 ejusdem
1134 3355 1268 3387 Pascaloti

201 3400 278 3430 idem
303 3399 452 3429 Dominus
478 3397 561 3436 Rex,
586 3398 622 3428 de
650 3396 751 3435 Regali
768 3397 813 3426 sua
838 3397 1034 3434 Liberalitate,
1055 3394 1270 3433 Munificentifi,

202 3440 237 3469 &
257 3437 359 3467 Gratis
376 3437 501 3475 speciali,
520 3437 561 3467 ob
579 3437 719 3468 internam
742 3434 938 3466 Affefflonem
954 3445 1039 3474 quam
1055 3435 1127 3474 gerit
1140 3434 1173 3464 &
1186 3433 1270 3464 habet

200 3477 237 3507 ad
254 3476 390 3513 Ducem,
409 3475 647 3512 Comunitatem,
663 3476 697 3507 ὃ(
715 3473 910 3505 ΒίίὶῑίέὶυειΙεε
923 3473 1110 3513 supradi&OS,
1127 3473 1160 3503 &
1177 3480 1208 3502 ut
1227 3473 1270 3502 in-

202 3522 244 3545 ter
261 3513 332 3552 ipsos
348 3514 483 3544 Amicitia
498 3516 531 3545 &
547 3514 676 3544 Dileetio
689 3512 858 3551 peramplius
873 3512 1040 3551 solidentur,
1055 3512 1071 3542 s
1072 3513 1124 3542 :cit
1136 3511 1168 3541 &
1184 3511 1269 3540 inter-

202 3553 294 3593 posuit
316 3553 411 3583 eidem
433 3552 578 3583 Pascaloto
590 3552 789 3588 procuratori,
804 3551 884 3590 super
900 3551 1092 3582 Restitutione
1104 3550 1137 3581 ὃ(
1153 3549 1271 3579 Libera-

205 3593 284 3621 tione
314 3591 500 3631 quarumdam
522 3591 616 3621 Navis
640 3599 750 3620 vocatae
771 3590 886 3620 sanetae
910 3589 1010 3620 Mai-iae
1035 3589 1089 3620 Ma
1108 3588 1215 3618 dalenae
1237 3588 1270 3618 ὃς

208 3629 338 3660 Duarum
357 3629 519 3659 Taritarum
540 3630 596 3660 sive
616 3628 783 3659 Cocharum
804 3629 841 3659 de
849 3628 956 3667 janua,
976 3629 1053 3666 supra
1069 3628 1092 3658 ΙΝ
1109 3637 1154 3657 are
1168 3625 1273 3664 Capta-

207 3677 288 3707 rum,
306 3668 343 3698 de
376 3669 457 3698 uibus
473 3668 550 3706 supra
565 3667 594 3698 fit
609 3669 737 3705 mentio,

244 3705 334 3736 Unde
383 3707 440 3737 avis
456 3706 589 3744 praediCta
603 3705 694 3745 Capta
709 3705 763 3736 fuit
778 3715 854 3736 anno
867 3705 992 3736 Domini
1008 3704 1180 3742 Millefimo,
1195 3703 1274 3733 Tre-

208 3744 380 3782 centesimo,
399 3745 577 3783 Sexagesimo
590 3754 685 3781 nono,

248 3780 285 3810 Et
308 3781 384 3811 Duae
399 3783 508 3812 Taritae
518 3806 527 3821 ,
545 3783 601 3813 sive
613 3781 746 3820 Cochae,
765 3781 866 3820 Captae
881 3790 959 3812 erant
971 3792 1049 3812 anno
1062 3781 1187 3812 Domini
1202 3779 1275 3811 Mil-

209 3819 324 3856 lesimo,
344 3820 588 3859 Trescentesimo,
606 3820 816 3858 Septuageiimo
831 3821 867 3851 de
883 3820 982 3851 Mense
998 3820 1132 3860 Augusti,

252 3855 332 3886 Cum
348 3857 450 3896 Bonis,
466 3858 682 3895 Mercimoniis,
701 3860 734 3889 ὃς
752 3858 850 3889 Rebus
862 3861 1005 3889 contentis
1017 3860 1044 3888 in
1058 3860 1095 3889 eis
1106 3881 1116 3897 ,

250 3895 329 3937 Qiae
350 3904 443 3938 tamen
464 3907 511 3934 per
528 3898 596 3936 jura
620 3897 716 3935 Regni
737 3897 776 3926 sui
795 3898 962 3927 dicebantur
982 3898 1079 3936 fuisse,
1105 3898 1139 3928 &
1163 3895 1219 3926 effe
1239 3904 1273 3926 ex

211 3933 309 3964 Cauiis
319 3934 494 3976 evidentibus
508 3937 540 3966 &
555 3935 766 3966 rationabilibus
777 3934 939 3966 Confiscata
953 3936 988 3966 &
1002 3936 1050 3966 libi
1069 3935 1226 3973 Acquifita‚·

250 3971 377 4001 Retentis
398 3976 505 4015 insuper
526 3975 690 4012 specialiter,
710 3983 743 4004 ac
763 3974 846 4002 etiam
868 3973 1024 4004 Reservatis
1045 3974 1187 4011 expresse,
1205 3973 1274 4004 binc

210 4011 244 4041 &
267 4010 352 4054 iride,
371 4009 540 4053 Aelioiiibus
559 4013 591 4042 &
614 4011 829 4049 Qiaestionibus
845 4010 1003 4048 Civilibus,
1022 4012 1206 4042 Personarum
1222 4011 1274 4041 sin·

211 4050 366 4088 gularium,
390 4047 481 4086 Regis
502 4050 536 4080 &
555 4050 743 4081 Subditorum
764 4050 895 4088 suorum,
912 4060 945 4081 ac
966 4049 1095 4083 Civitatis
1115 4052 1149 4084 &
1169 4050 1274 4082 Distri-

1266 328 1358 360 versus
1377 329 1499 368 aliquem
1519 329 1566 360 vel
1587 330 1695 368 aliquos
1709 337 1744 358 ex
1758 326 1883 358 Subditis
1897 326 1985 366 Regis
2003 328 2130 366 praedicti
2139 352 2149 368 ,
2165 336 2212 359 aut
2223 327 2335 368 Ducis,

1267 366 1478 406 Comunitatis,
1495 368 1528 399 &
1552 366 1783 399 Distrietuaiium
1795 365 2016 405 praedie’corum,
2034 369 2213 406 comuniter,
2231 368 2277 399 vel
2291 367 2337 399 di-

1268 406 1368 444 visim,
1387 406 1432 437 seu
1449 407 1547 445 aliquis
1565 409 1646 438 unius
1662 406 1751 437 Partis
1765 405 1871 445 poffint
1885 405 2019 435 intentare
2036 404 2081 435 vel
2093 405 2195 437 habere
2209 406 2339 438 adversus

1269 444 1401 483 alteram,
1415 445 1583 477 dumtamen
1604 456 1655 487 per
1677 446 1735 476 hoe
1757 443 1889 483 impediri
1905 451 1951 475 aut
1964 443 2072 474 turbari
2085 442 2144 474 Pax
2157 445 2292 482 praedic'ta
2308 447 2340 478 in

1269 482 1398 514 futurum
1412 494 1473 514 non
1486 486 1589 522 poterit
1602 482 1793 526 quovismodo
1813 493 1820 513 2

1308 521 1513 554 Promittentes
1523 547 1533 561 ,
1550 523 1754 555 Procuratores
1765 521 1914 560 praedic‘lti,
1930 519 2114 552 Nominibus
2125 521 2229 558 quibus
2241 522 2270 554 su
2293 529 2342 564 ra,

1273 559 1491 604 Conventiones
1501 584 1511 601 ,
1528 562 1813 600 Confoederationes,
1833 560 2000 598 Amicitias,
2014 558 2117 598 Patra,
2135 559 2260 600 Pacem,
2272 534 2340 594 ἵζε-

1273 599 1435 639 missiones,
1452 599 1648 639 Qiitationes,
1666 599 1833 637 Ceffiones,
1849 600 1882 640 ὃς
1905 598 2116 638 Liberationes,
2133 609 2166 630 ac
2180 601 2280 631 omnia
2291 602 2345 633 alia

1275 639 1309 670 &
1331 639 1435 678 singula
1457 639 1627 679 supradidta,
1642 639 1737 670 Terra
1749 637 1901 677 Marique,
1920 638 1977 669 fine
1989 637 2088 668 fraude
2103 639 2137 670 &
2151 638 2238 678 dolo,
2254 638 2344 671 firmi-

1278 686 1319 707 ter
1343 679 1505 717 observare,
1522 677 1634 717 facere,
1653 679 1687 710 &
1709 685 1820 715 tenere,
1839 677 1874 707 &
1899 677 1953 715 eis,
1971 676 2030 707 ullo
2053 686 2182 716 unquam*
2195 687 2345 718 tempore,

1277 726 1337 747 non
1360 718 1577 755 contravenire,
1596 717 1640 748 vel
1658 715 1850 748 contraveniri
1864 714 1974 752 Facere,
1997 714 2123 753 diretste,
2140 716 2187 748 vel
2203 716 2345 750 indirecte

1277 755 1355 786 clam
1376 756 1409 787 &
1432 757 1539 794 palam,
1558 756 1606 787 Re
1618 764 1667 787 aut
1682 754 1801 792 Verb0,
1821 753 1923 793 quovis
1934 753 2051 792 qiiaefito
2065 753 2184 786 Colore.

1315 793 1464 834 Promisit,
1481 795 1608 835 insuper,
1622 794 1715 826 dietus
1730 792 1904 831 Pascalotus,
1922 791 1978 822 fide
1988 791 2098 831 medi-51,
2115 794 2196 833 quod
2212 793 2349 826 conlimi-

1279 832 1318 863 les
1338 832 1445 866 Literas
1457 857 1467 872 ,
1491 834 1597 866 Pacem
1610 856 1620 871 ,
1644 833 1791 864 Amicitias
1806 854 1815 870 ,
1832 830 2102 862 Confoederationes
2115 854 2125 870 ,
2142 831 2349 873 ConditioneS‚

1280 870 1365 902 Pat‘ta
1380 895 1389 911 ,
1407 871 1626 904 Conventiones
1640 895 1650 910 ,
1666 871 1910 903 Renunciationes
1924 892 1934 909 ,
1949 868 2112 908 Ceffiones,
2130 870 2351 914 Promissiones,

1284 910 1480 942 Liberationes
1494 935 1504 951 ,
1525 912 1706 950 Qiitationes
1721 933 1731 949 ,
1749 908 1962 948 Remiffiones,
1980 907 2220 948 Pardonationes,
2237 910 2351 952 Appro-

1283 949 1430 990 bationes,
1445 951 1478 982 &
1503 949 1762 987 confirmationes,
1784 956 1942 988 caeteraque
1960 949 2060 979 omnia
2081 948 2259 988 supi-ascripta
2277 961 2351 982 con-

1284 989 1420 1027 tinenteS,
1444 997 1580 1026 quatenus
1603 988 1708 1019 Pacem
1729 987 1839 1026 Ducis,
1864 986 2074 1026 Comunitatis,
2098 986 2222 1026 Populi,
2245 990 2280 1021 δε
2297 989 2355 1021 Di-

1285 1026 1473 1058 strirstualium
1487 1027 1673 1066 Januensium
1693 1032 1872 1057 concernunt
1928 1035 1975 1057 aut
1995 1035 2174 1057 concernere
2195 1036 2330 1065 poterunt
2344 1053 2356 1070 ,

1284 1065 1336 1096 sub
1355 1066 1456 1106 sigiliis
1478 1066 1691 1104 Archiepiscopi
1705 1088 1715 1104 ‚
1740 1065 1831 1096 Ducis
1844 1089 1854 1102 ‚
1876 1049 2085 1104 Comunitatis,
2106 1065 2151 1096 Po
2172 1067 2226 1104 nii,
2244 1068 2279 1099 ὃς
2296 1067 2357 1099 Di-

1285 1103 1473 1136 stritstualitim
1493 1105 1662 1136 eorumdem
1675 1104 1876 1144 januensium,
1891 1113 1925 1134 ac
1945 1102 2148 1142 Subscriptioni
2171 1116 2200 1136 us
2212 1105 2357 1139 Notario-

1284 1153 1368 1182 rum,
1384 1144 1478 1175 eidem
1500 1143 1634 1175 Domino
1654 1143 1747 1183 Regi,
1764 1149 1811 1173 aut
1827 1143 1886 1180 ejus
1906 1141 2060 1180 Concilio,
2077 1143 2106 1174 in
2127 1143 2252 1177 Civitate
2273 1145 2356 1178 Lon-

1284 1182 1398 1222 doniae,
1411 1184 1481 1214 citra
1498 1182 1615 1213 Festum
1629 1180 1812 1213 Pentecostes
1825 1181 2010 1219 proximum,
2028 1181 2116 1214 tradet
2130 1184 2164 1214 &
2178 1183 2361 1218 effectualiter

1285 1222 1432 1259 liberavit,
1449 1229 1497 1252 aut
1514 1221 1583 1252 tradi
1598 1222 1682 1252 faciet
1696 1223 1730 1253 &
1744 1219 1930 1251 effectualiter
1944 1219 2064 1250 liberari.

1325 1261 1400 1292 Aeta
1422 1261 1537 1291 fuerunt
1557 1261 1622 1291 haec
1641 1261 1741 1291 omnia
1755 1257 1903 1290 Praerniffa
1917 1259 1950 1289 &
1961 1258 2075 1299 jurata,
2093 1259 2128 1290 ad
2141 1260 2232 1292 samita
2248 1262 2304 1294 Dei
2318 1264 2359 1295 E-

1287 1300 1413 1338 vangelia
1428 1323 1437 1338 ,
1463 1309 1548 1338 prout
1568 1299 1808 1339 suprascribuntur
1828 1298 1861 1329 &
1879 1298 2033 1328 recitantur
2048 1320 2057 1335 ,
2079 1298 2126 1329 die
2142 1300 2235 1338 prima
2250 1301 2360 1335 Mensis

1288 1339 1449 1376 Februarii,
1467 1348 1544 1369 anno
1563 1337 1734 1369 Dominicae
1749 1336 1914 1368 Nativitatis
1934 1335 2106 1376 Millefimo,
2123 1338 2361 1382 Trescentesimo,

1286 1377 1499 1417 Septuagefimo
1518 1378 1611 1415 primo
1626 1401 1636 1417 ,
1661 1376 1824 1408 indictione
1841 1373 1936 1406 Nona
1950 1397 1962 1414 ‚
1984 1374 2154 1414 Apostolica
2168 1377 2243 1411 Sede
2255 1403 2266 1418 ,
2291 1380 2363 1413 ficut

1287 1417 1473 1455 referebatur,
1494 1425 1630 1455 vacante,

1599 1493 1617 1512 ²*
1627 1492 1816 1524 Praesentibus
1831 1500 1901 1524 tunc
1917 1492 2042 1531 ibidem,

1329 1571 1489 1603 Venerabili
1504 1570 1601 1609 Patre,

1328 1614 1444 1641 Domino
1462 1614 1583 1648 Simone,
1601 1608 1657 1640 Dei
1670 1609 1772 1649 gratia,
1791 1607 1919 1650 Epifiopo
1938 1609 2136 1649 Londonienfi,

1330 1650 1433 1680 oberto
1451 1647 1664 1690 Squarzaficus,

1332 1688 1486 1729 Augustino
1505 1688 1536 1717 de
1554 1690 1667 1724 Auria,

1329 1727 1477 1758 Anthemio
1495 1726 1527 1755 de
1545 1723 1728 1764 fontanella,

1331 1766 1369 1797 Et
1387 1764 1580 1795 Bartholomeo
1597 1765 1628 1794 de
1646 1767 1793 1802 eorneria,
1811 1761 1940 1794 Notario
1955 1761 2100 1802 Publico,

1332 1804 1454 1835 Civibus
1468 1804 1672 1843 januensibus,

1330 1843 1369 1875 Et
1381 1844 1477 1875 multis
1491 1843 1549 1874 aliis
1562 1842 1698 1873 Testibus
1712 1842 1741 1871 in
1756 1839 1914 1879 praemiffis.

1331 1921 1402 1952 Nos
1415 1931 1486 1953 vero
1502 1919 1675 1957 Edwardus,
1696 1918 1824 1950 Franciae
1840 1918 1875 1949 δι’,
1892 1916 2007 1953 Angiiae
2024 1912 2091 1948 Rex
2108 1917 2276 1958 praediEtus,
2313 1928 2367 1951 1·ae-

1295 1960 1373 1992 dieta
1386 1961 1483 1992 omnia
1497 1960 1530 1990 ὃ(
1547 1958 1672 1998 singula,
1690 1958 1726 1988 de
1738 1957 1856 1988 Affensu
1874 1957 1909 1988 &
1923 1955 2062 1987 Concilio
2075 1955 2280 1997 Praelatorum,
2321 1969 2368 1990 ro-

1296 2009 1415 2038 cerum,
1433 2000 1467 2032 &
1491 1998 1659 2036 Sapientum
1685 1995 1816 2027 Concilii
1838 1994 1944 2034 nostri,
1962 1994 2043 2027 Acce
2064 2003 2172 2034 tamus,
2188 1995 2368 2038 Laudamus,

1297 2039 1516 2079 Approbamus,
1531 2035 1768 2075 Concordamus,
1787 2035 1840 2073 &,
1857 2044 1892 2066 ex
1906 2043 1981 2067 certa
1994 2044 2034 2065 no
2061 2045 2089 2067 ra
2097 2033 2239 2075 Scientia,
2253 2036 2368 2068 Aucto-

1296 2080 1375 2109 ritate
1392 2077 1488 2115 Regia
1502 2074 1725 2107 Confirmamus.

1006 293 1136 325 Sindicos
1150 289 1224 325 su08‚
1263 291 1398 330 privatae,
1417 289 1524 321 Pacem
1545 290 1706 330 hujusmodi
1726 291 1787 319 non
1800 289 1957 327 tangentis,
1974 289 2093 321 habeant
2107 289 2154 320 vel
2166 290 2267 321 habeat
2282 289 2333 320 ad-
2353 290 2422 318 Edv.
2443 299 2470 327 3.

2402 1499 2421 1520 i*
2436 1498 2491 1530 v1,

2398 1535 2464 1565 68².

1333 2116 1403 2148 Dat.
1423 2117 1452 2147 in
1471 2115 1580 2146 Palatio
1598 2114 1699 2144 nostro
1715 2111 1924 2144 Westmonast.
1956 2121 2046 2157 prope
2063 2111 2221 2144 Civitatem
2240 2113 2368 2146 nostram
2391 2143 2393 2149 ⁴

1296 2155 1477 2193 Londoniae,
1495 2155 1545 2186 sub
1560 2153 1596 2183 M
1633 2153 1663 2183 ni
1679 2151 1768 2191 Sigilli
1782 2150 1871 2182 nostri
1880 2149 2085 2190 Testimonio‚
2104 2150 2270 2183 Di'eTestia
2279 2151 2369 2184 Men-

1295 2195 1327 2225 sis
1344 2195 1503 2232 Februarii,
1521 2193 1610 2223 Anno
1657 2191 1793 2222 ominicae
1808 2189 1978 2220 Nativitatis
1997 2189 2172 2229 Millefimo,
2188 2190 2370 2222 Trecentes-

1295 2243 1365 2272 mo,
1383 2233 1420 2264 Se
1440 2232 1595 2272 tuagefimo
1608 2230 1722 2269 Primo,
1740 2231 1775 2261 &
1792 2228 1964 2268 Regnorum
1979 2228 2146 2260 nostrorum
2162 2229 2369 2264 FranciaeTri-

1293 2273 1400 2303 cesimo
1437 2271 1571 2310 ecundo,
1590 2269 1707 2308 Angliae
1722 2269 1793 2301 vero
1811 2267 2036 2307 Qadragefimo
2051 2269 2161 2307 quinto.

1430 2400 1481 2432 De
1503 2395 1743 2431 Proclamatione
1762 2405 1818 2442 pro
1840 2391 2024 2429 Hominibus
2046 2392 2083 2428 de
2104 2391 2231 2440 Janua.

1496 2484 1504 2513 i
1614 2484 1620 2489 ⁰
1636 2483 1642 2489 ”
1664 2481 1782 2512 Kantiae
1799 2479 1935 2511 Salutem.

1302 2483 1389 2539 RE
1399 2482 1771 2561 &iylggxcprgighoerdia'
1789 2521 1823 2551 δε
1838 2520 1973 2550 Amicitia
1987 2527 2119 2557 pei-petua
2139 2520 2173 2551 &
2191 2519 2276 2551 solida
2298 2521 2371 2552 inter

1300 2559 1385 2598 Nos,
1401 2572 1454 2602 pro
1470 2561 1587 2598 Nobis,
1606 2559 1772 2596 Dominiis,
1790 2560 1824 2590 &
1838 2558 1964 2589 Subditis
1979 2557 2081 2587 nostris
2096 2559 2247 2597 omnibus,
2262 2568 2297 2589 ex
2308 2570 2370 2597 par-

1299 2606 1327 2628 te
1341 2600 1414 2638 una,
1432 2610 1465 2630 ac
1478 2599 1615 2636 Ducem,
1632 2597 1902 2636 Communitatem,
1920 2597 1953 2627 &
1968 2595 2165 2627 Distridtuaies
2173 2597 2370 2637 Januensium,

1298 2647 1333 2667 ex
1348 2638 1450 2675 altera,
1469 2638 1511 2668 est
1521 2639 1580 2676 jam
1597 2638 1711 2667 noviter
1723 2635 1910 2673 Reformata,

1336 2676 1382 2707 Ac
1398 2678 1498 2708 omnia
1511 2677 1544 2708 &
1559 2676 1597 2706 sin
1620 2675 1665 2706 ula
1683 2674 1815 2713 Injuriae,
1833 2673 1986 2711 Dampna,
2005 2672 2191 2712 Homicidia,
2210 2673 2368 2714 Roberiae,

1298 2714 1563 2754 Transgreffiones,
1612 2714 1754 2751 iolentiae,
1771 2713 1912 2751 Rapinae,
1929 2712 2130 2750 &A&iones,
2149 2712 2247 2743 Realia
2258 2713 2370 2745 &Per-

1299 2755 1420 2793 sonalia,
1444 2755 1512 2785 hinc
1538 2755 1571 2785 ὃς
1593 2753 1676 2790 inde,
1698 2752 1758 2783 ullis
1776 2761 1903 2790 unquam
1922 2751 2119 2790 temporibus,
2145 2751 2308 2783 Commissa
2324 2753 2371 2785 vel

1299 2792 1476 2832 Perpetrata,
1493 2793 1544 2824 sub
1559 2793 1642 2824 certis
1658 2790 1774 2830 Modis,
1792 2790 1922 2829 Formis,
1940 2789 1974 2820 &
1989 2788 2229 2829 Conditionibus,
2246 2791 2314 2822 hinc
2335 2793 2371 2824 δε

1299 2832 1366 2864 inde
1375 2855 1384 2871 ,
1398 2834 1538 2871 perpetuo
1552 2832 1613 2862 sunt
1627 2829 1774 2868 Remissa,
1793 2829 1928 2868 Qitata,
1950 2828 1983 2859 &
1995 2829 2081 2859 etiam
2097 2829 2220 2860 totaliter
2229 2829 2372 2861 Pardona-

1299 2879 1347 2917 ‘aa
1361 2873 1487 2915 prout-in
1499 2870 1698 2901 instrumentis
1709 2868 1854 2907 Publicis,
1872 2868 1906 2899 &
1922 2867 2045 2905 Lirem,
2063 2866 2130 2898 inde
2144 2868 2300 2905 confeffis,
2313 2868 2373 2906 ple-

1300 2920 1363 2940 nius
1377 2918 1558 2948 continetur,

1336 2948 1409 2979 Tibi
1421 2949 1603 2988 praecipimus
1616 2954 1752 2987 quatenus
1765 2945 1872 2975 Pacem
1893 2944 1927 2975 &
1943 2941 2140 2986 Concordiam
2150 2965 2160 2981 ,
2180 2941 2372 2976 Remiffiones

1299 2988 1333 3018 &
1347 2987 1566 3018 Pardonationes
1580 2984 1761 3023 hujusmodi,
1780 2983 1817 3013 sic
1832 2981 1914 3013 fuisse
1929 2982 1963 3012 &
1982 2981 2038 3011 esse
2054 2989 2133 3010 initas
2155 2980 2188 3011 &
2208 2982 2294 3013 fatias
2315 2994 2372 3022 pu-

1301 3027 1378 3056 blice
1391 3027 1556 3064 proclamari
1572 3025 1670 3061 facias,
1688 3032 1721 3052 ac
1742 3021 1823 3060 quod
1839 3030 1940 3051 omnes
1958 3021 1992 3052 &
2012 3019 2111 3059 singuli
2131 3017 2233 3059 Cives,
2253 3021 2371 3059 Legales

1302 3064 1499 3104 Mercatores,
1514 3065 1547 3096 &
1564 3060 1762 3093 Districtuales
1771 3059 1942 3098 januenses,
1960 3066 2096 3095 tanquam
2118 3057 2214 3089 Amici
2231 3060 2264 3092 &
2286 3060 2370 3092 Benja

1301 3105 1361 3134 voli
1377 3103 1484 3141 nostri,
1502 3101 1606 3142 possint
1619 3098 1754 3137 pacifice,
1774 3098 1881 3135 libere,
1899 3097 1932 3128 δε
1947 3096 2042 3126 secure
2055 3097 2176 3135 intrare,
2193 3100 2316 3138 morari,
2336 3101 2370 3132 &

1300 3143 1376 3173 exire
1390 3142 1528 3180 Regnum
1547 3140 1581 3170 &
1598 3137 1771 3168 Potestatem
1791 3135 1903 3173 nostra,
1923 3135 1956 3166 &
1976 3135 2187 3166 mercandizare
2206 3136 2372 3169 Mercimo-

1301 3182 1363 3218 nia,
1381 3178 1573 3210 Mercandisas
1586 3177 1673 3207 licitas
1689 3175 1848 3213 exrrahere,
1864 3173 2020 3213 abducere,
2038 3174 2216 3205 &reducere
2222 3198 2233 3214 ,
2249 3186 2373 3208 conver-

1301 3219 1377 3256 sare,
1395 3218 1525 3254 transire,
1539 3217 1573 3248 &
1597 3215 1704 3252 redire,
1722 3215 1782 3245 t'am
1800 3223 1850 3253 per
1868 3213 2008 3250 Terram,
2025 3213 2112 3252 quam
2132 3223 2180 3252 per
2202 3214 2304 3253 Mare,
2321 3227 2373 3254 per

1301 3258 1400 3289 eadem
1416 3256 1552 3295 Regnum
1567 3255 1600 3285 &
1617 3253 1790 3284 Potestatem
1805 3251 1916 3290 nostra,
1956 3252 2067 3282 uotiens
2081 3251 2165 3282 fuerit
2178 3261 2374 3294 oportunum,

1303 3297 1336 3328 ὅ(
1351 3297 1388 3326 eis
1402 3296 1435 3326 ὃς
1450 3303 1552 3325 eorum
1570 3293 1688 3323 cuilibet
1707 3292 1847 3322 videbitur
1869 3299 1939 3328 expe
1961 3291 1999 3320 ire
2018 3289 2122 3328 absque
2142 3289 2374 3332 impedimento,

1303 3335 1420 3373 Aresto,
1443 3331 1598 3370 Molestia,
1618 3330 1767 3368 Marchia,
1781 3330 1826 3361 seu
1842 3327 2044 3367 Contraprisa,
2059 3329 2106 3359 seu
2125 3328 2303 3362 Gravamine
2323 3341 2374 3369 pet

1303 3373 1391 3412 Nos,
1410 3382 1456 3403 aut
1471 3370 1674 3402 Ministrorum
1691 3369 1736 3400 seu
1753 3368 1941 3400 Subditorum
1963 3366 2127 3399 nostrorum
2149 3367 2290 3409 aliquem,
2308 3369 2375 3408 Eis,

1305 3421 1474 3481 autdeorum
1497 3410 1598 3449 alicui,
1617 3411 1646 3440 in
1666 3407 1862 3448 Corporibus,
1879 3407 1936 3438 five
1954 3405 2071 3444 Rebus,
2091 3405 2283 3444 imposterum
2299 3408 2374 3440 infe-

1304 3462 1353 3483 ren
1375 3461 1410 3481 is·

1344 3475 1522 3520 Dur'ntamen
1531 3511 1541 3526 ‚
1559 3488 1630 3517 infra
1642 3486 1782 3525 Regnum
1790 3483 2006 3516 &Potestatem
2019 3481 2113 3514 nostra
2121 3505 2131 3522 ,
2143 3481 2293 3522 Januenses
2319 3494 2374 3516 rae-

1306 3529 1376 3560 dicti
1398 3528 1488 3559 Adrus
1505 3525 1677 3557 Amicabiles
1692 3526 1726 3557 &
1744 3523 1900 3560 Pacificos,
1918 3532 1968 3561 per
1987 3521 2129 3560 Terram,
2148 3523 2183 3554 &
2200 3532 2251 3560 per
2312 3533 2375 3563 are,

1307 3569 1402 3608 legalia
1418 3566 1613 3597 Mercimonia
1636 3571 1802 3600 exerceant,
1827 3561 1980 3592 Custumas
2002 3561 2036 3592 &
2063 3560 2188 3591 Deveria
2206 3561 2304 3592 Nobis
2319 3562 2375 3592 sol-

1308 3616 1393 3644 vant,
1412 3615 1481 3636 cum
1504 3603 1671 3634 Adversariis
1694 3603 1728 3632 &
1749 3601 1876 3631 Inimicis
1893 3599 1995 3631 nostris
2018 3599 2145 3630 Franciae
2162 3599 2196 3630 δε
2213 3599 2375 3639 Hispaniae,

1309 3655 1354 3676 aut
1368 3644 1591 3683 quibuscumque
1613 3642 1672 3671 aliis
1693 3639 1822 3670 Inimicis
1846 3638 1967 3677 nostris,
1990 3637 2171 3706 ffiaesentibus
2188 3646 2238 3668 aut
2258 3639 2376 3678 futuris,

1310 3683 1582 3715 Confoederationes
1593 3689 1641 3711 aut
1656 3678 1861 3718 Colligationes
1875 3686 1977 3709 contra
2026 3687 2074 3714 os,
2093 3675 2247 3719 Regnum,
2266 3675 2376 3707 &Do-

1311 3724 1417 3760 minia,
1435 3721 1480 3751 seu
1492 3719 1626 3750 Subditos
1640 3717 1754 3756 nostra,
1771 3727 1831 3747 non
1852 3717 1972 3754 faciant,
1989 3715 2035 3745 vel
2046 3715 2076 3744 in
2093 3713 2216 3751 ipsorum
2235 3713 2374 3756 Itiimico-

1312 3772 1376 3792 rum
1388 3760 1551 3790 nostrorum
1564 3757 1726 3789 Subsidium
1738 3765 1784 3787 aut
1797 3756 1951 3786 Servitium
1960 3777 1969 3790 ,
1985 3763 2053 3784 cum
2067 3751 2158 3782 Soldo
2178 3751 2222 3781 vel
2239 3754 2295 3783 line
2310 3754 2376 3786 Sol-

1309 3801 1366 3837 do,
1384 3809 1454 3830 cum
1470 3797 1566 3827 Galeis
1581 3805 1627 3827 aut
1643 3795 1720 3826 Vasis
1733 3796 1808 3833 aliis,
1823 3793 1915 3824 Terra
1926 3791 2051 3835 Marive,
2069 3789 2142 3832 stent
2155 3797 2201 3833 aut
2217 3799 2376 3832 morentur,

1310 3840 1343 3869 &
1358 3837 1524 3868 Gravamen
1539 3835 1612 3866 aliud
1626 3834 1724 3864 Nobis
1739 3835 1772 3864 &
1787 3833 1891 3863 eisdem
1906 3830 2030 3872 Subditis
2049 3827 2164 3871 nostris,
2182 3837 2211 3858 in
2233 3828 2375 3869 Corpori—

1310 3878 1378 3913 bus,
1396 3876 1440 3905 vel
1456 3876 1485 3904 in
1499 3873 1615 3911 Rebus,
1634 3873 1841 3909 noninferant,
1858 3869 1904 3901 vel
1915 3868 2012 3898 inferri
2024 3866 2144 3909 faciant,
2160 3868 2260 3904 quovis
2275 3871 2376 3902 modo.

1346 3913 1436 3945 Teste
1450 3913 1533 3951 Rege
1548 3911 1622 3951 apud
1635 3909 1926 3941 Westmonasterium
1935 3928 1945 3944 ,
1960 3905 2036 3934 sexto
2050 3903 2094 3934 die
2110 3903 2260 3936 Februarii.

1764 3971 1817 3997 Per
1831 3965 1915 4006 ipficm
1930 3967 2026 4001 Regem
2045 3962 2083 3998 ὠ·
2101 3963 2256 3995 Concilium.

1347 4047 1513 4080 Consimilia
1526 4045 1628 4079 Brevia
1641 4046 1798 4085 diriguntur
1812 4040 2044 4074 vicecomitibus
2057 4040 2228 4081 subscriptis,
2247 4042 2309 4098 &ci
2328 4081 2382 4110 pn

2393 2494 2472 2527 Ann-
2481 2495 2526 2528 D:

2416 2543 2506 2575 1371.

2391 2578 2445 2603 An.
2460 2583 2508 2610 45.

2388 2618 2420 2641 Ε.
2443 2623 2470 2650 3·

2388 2652 2478 2686 Claus.

2391 2700 2440 2728 45.
2452 2695 2482 2719 Ε.
2495 2693 2525 2728 ζζ

2392 2740 2429 2759 m.
2443 2729 2522 2765 ἐμαί-
