2561 4251
191 172 267 208 192

65 289 151 321 1400.
185 281 221 313 ad
236 285 374 320 envoiez,
392 283 427 313 de
443 282 566 320 present,
584 291 631 318 per
646 280 753 317 Escrit,
771 290 786 308 a
796 278 891 308 nostre
898 278 964 307 bien
973 277 1048 307 Ame
1055 274 1164 306 Cousin
1175 271 1254 302 Mes-

47 323 112 350 ΗΜ.
128 330 158 357 4·
192 329 233 352 tre
260 321 383 352 Ricliard
407 320 570 360 Courtenay
581 342 590 356 ,

234 359 287 390 Par
302 361 376 389 bone
394 358 584 388 Deliberation
599 357 632 388 &
647 356 725 395 Avys
738 355 786 385 des
802 355 861 392 plus
876 353 963 390 Sages
977 351 1142 393 Doctours,
1160 348 1194 379 &
1207 357 1257 377 au-

196 405 251 429 tres
264 397 363 429 Clercs
381 396 416 427 de
433 406 514 426 notre
529 396 606 426 dicte
633 395 817 425 Universitee
840 400 886 423 ent
910 402 925 421 a
961 390 1078 432 rendre,
1096 392 1116 419 1ι
1129 386 1186 417 tost
1201 396 1256 429 que

194 436 264 476 ‘faire
277 436 303 466 se
318 445 417 474 pourra
431 435 608 471 boneinent,
626 443 695 463 nous
703 432 804 462 vuillez
813 431 928 461 envoier
970 430 1096 468 eiponies
1111 436 1146 457 en
1153 425 1259 462 Escnt,

197 475 283 506 tielles
296 484 350 512 que
364 473 450 504 soient
466 474 531 503 bien
549 473 581 503 &
599 470 830 502 suffiffmtement
848 468 982 499 Foundez
997 476 1044 505 par
1061 466 1085 496 la
1104 465 1184 504 Ley,

236 512 275 544 Et
292 523 326 543 ce
338 523 375 542 cii
390 512 462 542 nulle
480 510 608 541 Mamers:
623 521 659 540 ne
674 509 775 548 leisez,
793 508 899 538 sicome
921 516 993 536 vous
1015 504 1119 534 defirez
1134 503 1158 533 la
1175 500 1259 532 Con-

197 550 334 595 servation
356 551 391 581 de
410 549 507 581 l‘Estat
523 551 557 582 &
573 549 699 580 Honour
713 547 749 578 de
764 547 851 579 Nous
865 568 875 585 ,
901 545 936 576 &
949 544 985 575 de
1002 552 1065 574 tout
1080 540 1175 574 nostre
1197 539 1260 570 Ro-

196 599 297 621 iaume.

235 626 312 658 Don.
332 627 400 658 souz
416 626 510 658 nostre
519 625 599 657 Prive
614 625 676 657 Seal
690 635 705 655 a
720 622 829 665 Westm.
844 622 915 662 lexij
929 621 1003 662 Jour
1017 619 1053 651 de
1065 616 1262 654 Novembre,

192 665 264 698 t’An
277 666 313 697 de
328 666 423 696 nostre
438 665 542 703 Regu:
556 664 683 697 Second.

413 794 470 827 Pro
491 794 578 826 Duce
600 788 760 833 Eboumz,
782 787 818 821 de
834 783 1032 822 exonerando,

46 885 122 920 Anti.
137 884 180 916 D.
199 876 505 936 REXanibus,
521 876 556 908 ad
571 885 658 916 quos,
673 876 735 907 &c-
749 874 885 907 Salutem.

68 935 81 958 1
147 947 154 955 ⁴
236 916 507 995 Cfisscragiasrciiffiefflds
523 953 670 985 Dominus
684 953 718 985 &
734 950 966 991 consanguineus
980 947 1093 985 noster,
1110 942 1263 982 Richardux

47 968 131 1038 ff?
199 1005 287 1041 nuper
302 999 362 1026 Rex
378 993 490 1039 Angliae
505 993 674 1030 defunctus,
692 992 771 1030 super
781 990 914 1021 Adventu
923 986 1019 1017 nostro
1035 985 1105 1017 infra
1121 984 1262 1021 Regnum

46 1045 106 1070 Par.
122 1049 147 1069 2.
199 1035 333 1074 Angliae,
351 1033 523 1065 cariffimum
538 1031 727 1076 Avunculum
744 1029 894 1074 nostrum,
912 1025 1085 1056 Edwardum
1103 1025 1205 1055 Ducem
1220 1022 1263 1051 Ε-

43 1084 140 1156 5'13„
197 1064 1023 1147 ω’ἔῖἐὲἳὲἒἘεξῖξὲξῗὲῗῗὲῑᾶῗέἓῖἑοῗὶῗῗίέἑέω
1044 1099 1181 1140 praedicto
1194 1096 1262 1130 Gu-

48 1164 95 1191 ²7-
146 1139 153 1146 ’
200 1150 368 1188 bernando,
386 1150 436 1181 sibi
448 1147 624 1192 assignasset,
1045 1179 1050 1184 ,
1140 1178 1146 1184 ,

241 1189 314 1228 Quo
327 1196 454 1226 tempore
468 1186 546 1230 idern
563 1184 728 1217 Avunculus
740 1181 854 1227 noster,
871 1191 921 1221 per
944 1178 1104 1223 Consilium
1119 1176 1262 1209 diCtarum

201 1226 405 1264 Perionarurn,
422 1225 477 1270 ‘fibi
493 1225 531 1256 sic
544 1223 741 1262 assignatarum
751 1245 761 1260 ‚
777 1231 806 1251 in
821 1220 937 1265 diversis*
949 1219 1070 1259 partibus
1087 1216 1215 1260 Angliae,
1229 1223 1262 1245 ac

200 1266 293 1296 versus
308 1264 495 1302 Bristolliam,
512 1272 611 1295 contra
628 1261 793 1293 Adventum
810 1259 940 1298 praedicti
956 1267 1045 1297 nuper
1067 1255 1156 1296 Regis
1170 1265 1185 1285 a
1201 1263 1263 1292 par·

202 1305 275 1334 tibus
289 1304 450 1341 Hiberniae,
468 1303 501 1332 ad
516 1311 575 1331 non
591 1300 723 1332 modicos
743 1298 849 1331 Custus
871 1299 906 1330 &
928 1295 1064 1336 Expensas
1079 1294 1140 1326 suos
1180 1301 1211 1324 ut
1224 1291 1277 1330 as3

201 1343 283 1380 serit,
300 1342 449 1382 equitavit,
466 1341 541 1371 unde
554 1339 630 1371 idem
644 1337 811 1370 Avunculus
832 1337 945 1374 noster,
963 1344 1015 1374 pro
1036 1333 1135 1376 Vadiis
1186 1331 1262 1362 omi-

203 1391 274 1413 num
289 1381 325 1413 de
341 1380 504 1412 Retinenda
526 1378 573 1409 sua
586 1403 596 1417 ,
614 1378 664 1409 nisi
683 1375 884 1408 tantummodo
904 1375 1088 1414 Qiingentas
1104 1371 1200 1402 Libras
1222 1379 1266 1400 re-

199 1429 277 1455 cepit

240 1443 298 1489 Pro
311 1468 364 1497 qua
379 1456 496 1495 quidem
515 1455 634 1487 Summa
676 1453 832 1493 uamplures
852 1451 1047 1483 vicecomites
1061 1447 1150 1480 nostri
1178 1455 1266 1479 certas

202 1496 306 1529 Terras
321 1498 430 1536 praefati
448 1494 590 1526 Avunculi
617 1464 706 1525 nostri
728 1492 892 1532 distringere
913 1490 1084 1526 intendunt,
1109 1496 1139 1518 ut
1153 1488 1266 1525 accepi-

202 1545 266 1569 mus

241 1559 331 1613 N'os,
347 1573 383 1605 de
399 1572 496 1604 Gratia
511 1571 604 1603 nostra
622 1569 751 1609 speciali,
768 1568 802 1600 δε
824 1568 861 1599 dc
882 1566 986 1599 assensu
1009 1564 1139 1609 Concilii
1158 1563 1266 1603 nostri,

201 1612 432 1646 Pardonavimus
450 1611 569 1650 praefato
584 1609 739 1641 Avunculo
754 1607 853 1638 nostro
867 1605 1016 1637 Summam
1031 1604 1265 1647 Quingentarum

202 1651 353 1686 Libri-rum
369 1650 566 1689 praedi&arum
576 1670 586 1687 ,
605 1649 731 1679 volentes
742 1646 776 1677 ei
790 1644 1014 1677 consideratione
1029 1642 1109 1680 qubd
1118 1641 1266 1680 praedictus

202 1691 369 1724 Avunculus
382 1688 476 1720 noster
492 1697 556 1729 erga
572 1687 640 1718 Nos
653 1686 689 1716 de
704 1685 823 1716 Summa
843 1683 977 1724 praedicta
993 1681 1113 1720 plenarie
1128 1690 1266 1711 exonere-

200 1738 248 1761 tur
284 1729 318 1760 &
334 1727 442 1768 praefari
455 1726 648 1757 Vicecornites
661 1724 727 1754 inde
739 1746 750 1762 ,
768 1724 796 1753 in
811 1721 966 1761 Competis
982 1719 1266 1752 suisadScaccarium

200 1752 330 1800 nostrum
347 1765 510 1804 reddendis,
527 1764 621 1795 debite
634 1762 799 1794 allocentur.

236 1805 270 1840 In
283 1806 378 1844 cujus,
395 1805 455 1835 &c.

273 1843 362 1876 Teste
375 1843 461 1882 Rege
475 1839 550 1882 apud
565 1838 844 1882 Westmonasterium,
863 1837 1002 1869 vicesimo
1013 1835 1061 1868 die
1075 1834 1265 1867 Novembris.

771 1897 827 1926 Per
841 1897 936 1926 Breve
948 1894 982 1925 de
996 1895 1118 1925 Privato
1129 1892 1229 1932 sigillo.

67 2034 178 2101 ‘XIIL
223 2026 249 2052 *Ε
268 2027 402 2076 Epifiopi
426 2023 611 2068 KarIIoleqfis
635 2020 672 2056 de
690 2019 867 2055 omnimodis
882 2016 1106 2055 Proditionibus
1127 2017 1243 2053 Parda-

70 2082 82 2102 ε
105 2082 135 2109 ς.
683 2074 777 2104 natio.

45 2137 183 2207 largest
205 2143 332 2203 REX
347 2143 483 2175 omnibus
495 2138 606 2174 Banr'vis
626 2138 660 2171 &
676 2136 820 2170 Fidelibus
842 2135 913 2178 suis,
935 2135 972 2169 ad
992 2144 1062 2176 quos
1075 2158 1086 2175 ,
1111 2134 1173 2167 ὅτε.
1189 2134 1268 2167 Salu-

44 2187 105 2248 411734
121 2201 155 2246 ²:
243 2192 347 2254 serg}
357 2219 458 2259 quod,
773 2254 780 2261 ⁰
983 2253 988 2259 ,
1168 2253 1174 2259 ,

47 2259 145 2325 ξκψὶ
203 2259 462 2332 ῑυὶῖῑΐὲῑέῃάετέἕιηω
483 2257 566 2289 Merk
579 2280 590 2297 ,
613 2265 704 2296 nuper
726 2253 882 2294 Episcopus
909 2251 1090 2285 Karliolensis
1111 2251 1267 2285 Indidhtus

49 2336 85 2363 Β·
105 2343 132 2368 4·
238 2338 332 2378 Quod
349 2321 422 2377 ipse’,
438 2337 472 2370 ὅ(
486 2335 534 2367 alii
549 2333 740 2375 quamplures,
760 2331 854 2363 Morti
869 2330 1041 2370 adiudicati,

43 2376 123 2446 gof-
143 2381 181 2402 θ’·
241 2377 341 2414 Falso,
359 2378 503 2415 nequiter,
522 2374 656 2412 subdole,
672 2373 706 2404 &
721 2371 878 2410 proditorie
905 2379 1004 2402 contra
1027 2370 1188 2408 Ligeantias
1207 2369 1267 2401 suas

192 2417 194 2419 '
225 2416 474 2453 raemachffiames,
493 2414 545 2444 viis
557 2414 590 2445 &
605 2412 698 2444 modis
709 2411 812 2450 quibus
827 2410 979 2449 excogitari
1000 2418 1106 2447 poterat
1122 2432 1132 2448 ,
1151 2409 1269 2448 qualiter

203 2426 273 2490 {sios
286 2454 424 2486 destruere
438 2452 552 2493 possent
566 2452 600 2484 &
614 2449 772 2494 murdrac,
791 2447 982 2492 &Regnum
997 2448 1188 2486 Angliaecum
1200 2446 1260 2479 Ini—

205 2495 278 2527 mici
302 2492 404 2524 nostris
416 2492 453 2524 de
467 2492 585 2523 Francia
598 2490 634 2522 de
648 2498 730 2520 novo
744 2488 913 2525 inhabitare,

243 2531 318 2564 Inter
336 2542 384 2563 eos
398 2531 473 2570 apud
496 2529 677 2562 bondoniam
702 2525 873 2566 (videlicet)
899 2523 974 2564 apud
996 2523 1153 2557 Ecclesiam
1171 2524 1268 2555 Sanffl

204 2569 288 2603 Pauli
304 2570 487 2608 Londoniae,
506 2569 536 2600 in
558 2567 668 2598 Warda
689 2566 726 2597 de
747 2562 991 2606 Baynardescastell
1006 2586 1016 2602 ,
1042 2564 1075 2594 ὅτ
1090 2563 1164 2602 apud
1181 2563 1268 2595 Paro-

204 2609 304 2642 chiam
319 2608 466 2639 Omnium
482 2606 652 2638 Saneorum
667 2605 787 2636 Parvam
797 2626 807 2642 ,
824 2604 853 2633 in
868 2601 980 2633 Warda
1000 2602 1037 2632 de
1051 2601 1188 2639 Dougate
1198 2625 1208 2642 ,
1234 2603 1267 2634 &

204 2647 259 2679 alia
273 2646 380 2679 diversa
397 2646 477 2678 Loca
499 2645 568 2675 infra
592 2643 750 2676 Civitatem
772 2640 939 2680 praedictam
956 2663 965 2678 ,
983 2641 1016 2672 &
1039 2641 1104 2671 alibi
1124 2641 1195 2671 infra
1210 2640 1271 2671 Re-

206 2695 297 2727 gnum
312 2685 444 2723 Angliae,
462 2694 477 2715 a
494 2683 578 2714 Festo
599 2683 697 2714 Sancti
716 2680 853 2712 Nicholai
875 2678 1009 2718 Episcopi
1029 2679 1131 2709 ultimo
1147 2681 1269 2717 praeteri-

205 2732 257 2764 to,
275 2724 358 2763 usque
374 2723 487 2756 Festum
503 2720 739 2753 Circumcisionis
754 2718 879 2749 Domini
893 2727 962 2748 tunc
986 2719 1119 2755 proximo
1139 2719 1270 2757 sequens,

209 2763 245 2794 &
261 2764 314 2795 diu
328 2772 405 2794 antea
416 2765 449 2794 ὅ(
465 2760 581 2799 postea,
597 2759 711 2791 diversis
723 2758 835 2787 vicibus
849 2757 882 2787 &
893 2757 1085 2794 temporibus,
1103 2758 1269 2795 nequiter&

208 2802 367 2842 proditorie
378 2800 607 2839 conspiraverunt
622 2799 656 2829 &
671 2797 916 2834 imaginavcrunt,

244 2839 282 2872 Et
298 2840 411 2872 fuerunt
425 2837 595 2877 Principales
606 2838 640 2869 &
655 2834 796 2874 Capitales
811 2833 972 2870 Ductores,
991 2831 1139 2870 Fac'tores,
1162 2831 1271 2864 Procu-

208 2887 328 2917 ratores,
344 2879 378 2910 &
396 2877 613 2915 imaginatores,
631 2875 664 2906 δε
679 2875 715 2906 (10
730 2872 856 2904 Summo
874 2870 1020 2914 Consili0,
1039 2871 1171 2907 Auxilio,
1188 2871 1271 2903 Con-

207 2917 304 2956 sensu,
323 2917 379 2955 Vi,
398 2917 522 2953 Abett0,
541 2914 779 2948 Procuramem0‚
799 2911 830 2941 ὃ(
847 2908 965 2941 Covina
980 2919 1047 2939 cum
1056 2909 1158 2939 Thoma
1165 2909 1269 2939 Blount

208 2954 362 2993 Chivaler,
383 2955 527 2985 Bene-dim
543 2952 600 2992 Sely
623 2951 757 2983 Chivaler
774 2972 784 2988 ,
808 2950 842 2981 &
859 2949 918 2979 aliis
944 2948 1152 2986 quampluribus
1171 2948 1271 2979 Prodi-

209 2995 316 3025 toribus
333 2993 433 3025 nostris
448 2994 481 3025 &
499 2991 595 3029 Regni
610 2990 696 3021 nostri
714 2989 825 3027 Angliae
861 2997 948 3024 nuper
967 2996 1064 3017 coram
1079 2986 1180 3018 Nobis
1195 2988 1270 3026 apud

210 3031 357 3064 Oxoniam
373 3032 409 3062 de
424 3030 635 3062 Proditionibus
650 3025 793 3067 praediCtis
848 3026 971 3068 onvirstis
987 3047 996 3063 ,
1021 3025 1056 3056 &
1082 3035 1132 3064 per
1157 3024 1270 3064 Legem

208 3070 241 3103 T
243 3081 311 3103 errae
328 3070 429 3102 nostrae
449 3069 559 3108 Angliae
577 3067 672 3098 Morti
685 3066 794 3098 ibidem
809 3064 987 3107 adjudicatis,

248 3109 297 3140 De
313 3119 349 3140 eo
365 3110 396 3140 &
419 3118 470 3146 pro
487 3117 522 3140 eo
539 3106 618 3146 quod
634 3105 684 3144 ipsi
700 3128 710 3144 ,
736 3113 805 3136 cum
818 3102 970 3146 'praedirfilis
998 3101 1209 3141 proditoribus,
1235 3104 1270 3136 &

232 3148 424 3187 uampluribus
436 3148 493 3177 aliis
520 3145 715 3176 proditoribus
736 3141 838 3174 nostris
854 3141 887 3171 δε
911 3139 1010 3178 Regni
1033 3139 1122 3171 nostri
1139 3141 1273 3179 Angliae,

209 3159 302 3225 salso,
321 3188 465 3226 nequiter,
480 3186 513 3216 &
558 3183 713 3219 roditorie,
730 3190 830 3212 contra
850 3180 1005 3222 Ligeantias
1019 3178 1093 3217 sua5‚
1109 3179 1272 3211 adinvicem

211 3226 365 3263 interligati
380 3225 412 3255 &
429 3224 529 3254 conso:
549 3222 615 3253 erati
631 3221 744 3253 fuerunt
761 3218 927 3250 Adveriario
943 3219 975 3248 &
993 3217 1117 3248 Inimico
1134 3217 1272 3250 nostro&

212 3263 314 3300 Regni
330 3263 415 3294 nostri
432 3263 463 3292 de
484 3263 602 3292 Francia
618 3258 834 3290 Adhaerentibus
850 3280 859 3295 ,
882 3257 916 3288 ad
934 3256 1057 3286 eundem
1075 3256 1273 3288 Adversarium

211 3304 243 3334 in
259 3303 380 3334 Terram
398 3300 509 3338 Angliae
525 3298 640 3330 subdole
657 3295 917 3335 Introducendurn,
932 3295 966 3325 ad
980 3293 1171 3326 Intentionern
1188 3294 1273 3333 Nos,

214 3339 381 3377 Magnates,
400 3341 433 3370 ὅτ
451 3348 551 3369 omnes
565 3336 673 3369 Fideles
690 3336 794 3375 Ligeos
809 3334 906 3374 Regni
928 3333 1016 3364 nostri
1038 3332 1213 3372 destruendi,
1239 3335 1272 3365 &

211 3378 353 3448 Reffinum
368 3378 484 3417 Angliae
498 3386 567 3409 cum
579 3375 708 3407 Inimicis
724 3373 826 3405 nostris
839 3372 876 3405 dc
893 3371 1051 3403 Franciade
1065 3381 1146 3404 novo
1159 3370 1276 3405 Inhabi-

214 3425 262 3450 tan
284 3428 292 3448 1

253 3441 314 3488 Die
330 3455 447 3493 Martis,
471 3456 500 3485 in
523 3452 607 3485 Festo
629 3452 685 3491 Epi
706 3451 797 3482 haniae
818 3449 943 3481 Domini
964 3450 1097 3488 proximo
1112 3449 1273 3487 praeterito,

218 3504 233 3525 a
255 3495 292 3526 ud
308 3494 447 3532 Ean-pron
464 3495 493 3523 in
509 3491 655 3522 Comitatu
704 3491 796 3520 xoniae
808 3512 817 3525 ,
839 3487 1023 3556 Wantynge,
1043 3485 1193 3531 farendon
1207 3509 1217 3524 ,
1241 3488 1274 3517 δε

253 3532 421 3570 ircestre,&
436 3532 485 3562 alia
499 3531 606 3561 diversa
626 3529 708 3560 Loca
720 3528 790 3559 infra
806 3526 943 3562 Regnum
990 3526 1091 3564 agliae,
1108 3525 1147 3556 Vi
1164 3526 1196 3556 &
1212 3534 1276 3554 rno-

217 3572 258 3602 do
266 3571 409 3602 Guerrino
419 3571 528 3601 Armati
543 3570 576 3600 ὃ(
593 3568 731 3605 Arraiati,
749 3575 779 3597 ut
792 3567 821 3595 in
837 3565 928 3595 Terra
944 3564 1063 3595 Guerrae
1078 3573 1146 3595 curn
1164 3563 1275 3594 Vexillo

220 3610 379 3654 explicato,
397 3610 517 3639 felonice
532 3610 564 3638 ὅ(
579 3607 729 3645 proditorie
745 3605 931 3641 surrexerunt,
949 3605 982 3634 &
1001 3604 1208 3640 equitaverunt,

254 3653 293 3678 ht
306 3647 390 3686 Nos,
406 3647 440 3677 ad
457 3645 682 3677 interficiendum
698 3646 731 3676 ὃε
746 3641 955 3673 Murdrandum
970 3641 1041 3678 apud
1054 3638 1275 3680 VVyndesore&

220 3688 302 3725 alibi,
320 3686 365 3716 die
384 3687 489 3722 Lunae,
508 3687 536 3714 in
551 3683 657 3720 vigilia
671 3683 836 3720 Epiphaniae
853 3680 975 3710 Domini
989 3680 1124 3717 proximo
1137 3680 1276 3716 praeterita

220 3725 375 3763 proditorie
391 3724 507 3753 insidiati
528 3723 655 3759 suerunt,
680 3723 713 3753 ὃς
737 3719 858 3750 diversos
877 3719 982 3757 Ligeos
995 3719 1027 3747 &
1044 3717 1152 3747 Fideles
1166 3717 1276 3747 nostros

223 3762 313 3792 Manu
329 3764 410 3800 torti,
427 3771 458 3792 ut
480 3761 648 3791 Prisonarios
671 3761 701 3789 in
722 3759 811 3788 Terra
830 3757 967 3792 Guerrae,
987 3766 1054 3786 cum
1070 3757 1108 3785 eis
1122 3755 1276 3792 proditorie

225 3810 376 3838 ceperunt,
396 3801 663 3837 imprisonaverunt,
681 3800 713 3828 &
738 3806 807 3827 cum
826 3797 864 3826 eis
879 3796 918 3824 ire
931 3803 1086 3829 coegerunt
1103 3793 1272 3831 (videlicet)

224 3838 380 3867 lValteaeum
395 3837 571 3875 Hungerford
584 3836 709 3866 Militem
727 3834 874 3870 nostrum,
891 3835 924 3865 &
945 3833 1037 3870 ipsum
1053 3832 1214 3863 walterum
1240 3832 1275 3862 de

224 3877 252 3908 L
262 3886 272 3905 1
282 3885 324 3906 Bc
336 3886 357 3906 R
369 3886 387 3905 Α
399 3885 421 3905 Τ
430 3887 449 3906 Α
477 3875 570 3905 nostra
592 3884 690 3905 voc-ata
709 3873 737 3904 C
746 3884 765 3903 o
777 3881 797 3903 L
810 3881 827 3902 Ε
840 3881 862 3902 R
873 3881 891 3901 E
905 3894 915 3908 ,
938 3882 993 3908 qua
1014 3871 1142 3900 utebatur
1154 3893 1163 3907 ,
1190 3869 1274 3900 Pretii

224 3915 336 3951 Viginti
353 3915 520 3951 Librarum,
540 3915 572 3945 Sc
596 3913 661 3942 alios
680 3911 802 3942 diversos
825 3910 931 3945 Ligeos
951 3912 985 3940 &
1018 3909 1124 3938 Fideles
1146 3908 1273 3946 nostros,

223 3955 272 3991 qui
288 3953 341 3988 ers,
359 3953 392 3981 ad
409 3952 584 3983 Proditiones
595 3950 754 3989 praedietis,
773 3959 825 3978 nec
847 3958 945 3978 corum
969 3947 1136 3984 Proposito,
1155 3947 1274 3987 consen7

224 3995 276 4023 tire
288 3991 448 4028 voluerunt,
464 3991 499 4020 de
513 3990 625 4020 divertis
642 3989 722 4019 Bonis
735 3990 768 4019 &
784 3986 914 4024 Catallis,
933 3985 967 4015 ad
983 3986 1132 4015 valentiam
1152 3984 1271 4015 Ducen-

222 4040 314 4061 tarum
331 4029 496 4066 Librarum,
515 4028 637 4058 feionice
648 4026 809 4065 Depraedati
823 4024 1167 4061 fuerurit,vulncraverunt
1175 4033 1275 4060 quam-

221 4071 327 4108 piures,
347 4067 581 4096 malrernhvcrrnn
591 4065 783 4103 ,&quosdam
799 4063 1012 4099 interfecerunt,
1028 4060 1192 4092 assumendo
1199 4071 1273 4099 prae-

600 143 1483 198 CONVENTIONES,

42 241 173 275 Arm-D.
223 244 331 284 Queles
347 244 504 284 Questions
519 265 528 278 ,
554 242 648 272 nostre
665 241 739 272 Arne
760 238 864 276 Clerc,
887 238 993 268 Mestre
1013 235 1112 276 Johan
1128 233 1256 278 Prophete
1296 238 1369 261 terea
1382 231 1422 261 eis
1433 229 1555 270 Regiam
1572 231 1767 270 Potestatem,
1791 230 1893 270 absque
1912 230 1947 262 ali

1566 143 1982 197 L1TERAE,

1300 276 1382 299 ranto
1397 268 1514 308 nostro,
1534 270 1649 314 publice
1660 271 1734 315 apud
1748 270 1916 311 Wantynge
1925 228 2365 313 ’geuaffiAaue‘gt-greiffieldsgcuaytss:
2377 220 2512 300 mon-

1299 307 1340 338 fra
1358 306 1492 346 Regnum
1507 308 1636 352 Angliae,
1657 310 1706 340 ubi
1722 309 1772 347 ipsi
1792 309 1851 340 tam
1867 317 1992 346 nequiter
2013 307 2047 338 &
2068 308 2221 345 proditorie
2243 308 2269 339 E
2290 308 2362 339 uita·
2377 303 2480 336 Εἶθ’-4·-
2511 312 2520 321 ·

1300 345 2370 424 afforis?‘Erizfffigssffinss‘iiie‘gffinffss‘ssffifffflflffim555.

1305 431 1355 460 pei·
1374 424 1469 459 Regem
1485 423 1607 462 Angliae.

1342 459 1403 499 QJi
1418 470 1497 492 antea
1511 486 1521 500 ,
1546 471 1598 501 pro
1615 462 1687 493 mala
1709 463 1742 493 &
1767 462 1861 499 iniqua
1881 459 2096 492 Gubernatione
2118 460 2214 501 Regni
2234 461 2367 501 Angliae,

1302 507 1351 536 per
1366 509 1466 542 omnes
1473 500 1569 542 ⁴Status
1581 501 1705 543 ejusdem
1723 500 1836 540 Regni,
1852 510 1870 530 a
1884 498 2042 538 Regimine
2055 499 2106 530 suo
2123 499 2224 539 Regni
2236 500 2366 540 praediffl

1303 546 1363 567 non
1378 540 1515 569 inmerito
1530 538 1681 577 Depoiitus
1697 538 1765 577 fuit,

1336 573 1480 619 'Idemque
1492 586 1580 616 nuper
1596 577 1658 608 Rex
1669 577 1773 608 adtunc
1788 576 1939 608 Coronam
1952 575 1986 607 &
2002 574 2182 613 Dignitatem
2196 575 2296 615 Regni
2303 576 2367 608 An-

1301 613 1385 658 gliae,
1402 614 1521 659 sponte,
1539 616 1716 655 voluntarie,
1734 616 1767 647 &
1781 615 1924 654 absolute,
1938 614 2129 647 Renunciavit
2151 616 2185 648 δε
2200 615 2365 655 Refignavit

1304 661 1650 731 unffilgeriffslqrd‘e’publice
1660 700 1732 736 ‚tunc
1747 691 1871 724 dicendo
1885 691 1918 723 &
1939 691 2145 730 proclamando
2167 692 2249 732 quod
2263 693 2370 726 nollent

1304 728 1373 760 Nos
1387 729 1443 760 effe
1456 740 1555 762 eorum
1571 731 1739 762 Dominum
1753 741 1807 761 nec
1825 729 1959 769 Regem,
1976 739 2030 761 nec
2052 730 2121 762 Nos
2139 731 2217 773 super
2231 732 2305 771 ipsos
2324 742 2369 763 re-

1304 775 1390 808 gnare
1405 768 1556 812 aliqualiter
1569 771 1733 807 permittere
1748 769 1869 808 vellent,

1343 805 1603 851 Pnraecipiendoque‘
1619 817 1688 839 tunc
1703 809 1837 838 omnibus
1849 829 1859 844 ,
1885 806 1966 844 quod
1990 806 2095 839 adtunc
2117 807 2208 840 essent
2220 810 2308 848 parati
2327 808 2364 841 ad

1304 846 1489 889 equitandum
1498 856 1566 877 cuni
1579 856 1636 885 eis,
1652 846 1687 877 ad
1695 845 1872 877 Proditiones
1883 846 1917 877 &
1931 845 2058 877 Felonias
2072 847 2219 885 praedictas
2232 848 2263 878 in
2271 848 2365 880 forma

1337 883 1437 927 aedicba
1448 884 1719 954 faci‘effias'licomm
1733 885 1909 925 Dignitatem
1924 884 2065 925 nostram,
2079 887 2110 915 in
2131 884 2370 918 Destruerionem

1374 932 1403 952 ni
1419 932 1459 953 no
1485 933 1509 954 n
1617 933 1641 953 ae

1343 934 1617 1007 bubsequenterqifie,
1636 947 1756 999 ffraefato
1770 971 1859 1000 nuper
1871 959 2034 1001 Episcopo,
2048 961 2084 993 de
2098 960 2314 995 Proditionibus
2335 962 2371 994 &

1307 997 1431 1043 Felomis
1446 1000 1588 1038 praedictis
1603 1001 1731 1038 rectatO,
1749 1001 1782 1031 &
1797 1003 1824 1031 ie
1835 1002 1864 1031 in
1878 1000 1957 1030 nullo
1970 999 2025 1032 effe
2049 1000 2231 1039 Culpabilem
2248 1002 2286 1032 de
2299 1001 2369 1033 Pro-

1305 1038 1459 1082 ditionibus
1474 1040 1508 1072 δε
1524 1039 1643 1083 Feloniis
1657 1039 1797 1083 praedietis
1810 1037 1963 1077 afferente,
1981 1048 2032 1077 per
2045 1040 2185 1077 quandam
2204 1039 2353 1079 Inquifitio
2362 1056 2372 1064 -

1304 1077 2371 1157 25ss{2iffieffussssiissssssfissiffisfflpffifflpii‘ss”ffioss'r‘gffn'rissffl’cdffk‘ifflss

1307 1155 1469 1194 praedietis,

1345 1193 1364 1211 ¹¹¹
1385 1192 1454 1224 Nos

1321 1270 1326 1275 ·
1344 1216 1528 1264 Atrende'ntes
1540 1232 1657 1275 qualiter
1674 1233 1802 1271 praefatus
1817 1232 1931 1263 Thomas
1948 1233 2031 1263 Merk
2046 1231 2218 1264 Pontificalis
2235 1232 2370 1274 Dignita-

1307 1278 1341 1300 tis
1357 1269 1555 1314 Caradtereest
1572 1272 1734 1310 iniignitus,
1753 1271 1912 1304 &Divino
1927 1269 2025 1301 Cultui
2038 1272 2110 1308 quasi
2127 1273 2156 1302 in
2171 1273 2285 1303 summo
2293 1273 2370 1304 Gra—

1307 1308 1346 1354 dP
1361 1319 1550 1352 mancintus,
1568 1310 1602 1342 δε
1617 1310 1743 1341 volentes
1776 1310 1889 1348 roinde,
1904 1310 1946 1340 ob
1960 1309 2016 1341 Dei
2031 1308 2251 1348 Reverentiam,
2268 1311 2371 1343 &Sta-

1308 1355 1354 1391 tus
1368 1347 1405 1378 sui
1419 1321 1583 1387 fuliginim
1601 1350 1726 1393 rigorem
1742 1388 1747 1392 Ι
1770 1348 1871 1392 ustitiae
1892 1347 1992 1392 regalis
2012 1348 2184 1380 Clementiae
2206 1348 2371 1381 Mansuetu-

1307 1385 1375 1417 dine
1390 1395 1562 1431 temperare,
1578 1397 1725 1425 opinantes
1739 1387 1858 1418 indubie
1878 1395 1967 1427 magis
1984 1386 2051 1417 Deo
2087 1397 2178 1418 ratum
2200 1388 2314 1419 existere
2328 1390 2372 1419 in-

1307 1423 1420 1495 texergleiim
1440 1425 1560 1458 misereri
1581 1427 1614 1457 ὅ(
1636 1432 1749 1466 parcere
1763 1449 1774 1465 ,
1795 1426 1881 1467 quam
1899 1426 2037 1457 continue
2056 1397 2206 1465 fudicium
2221 1426 2374 1465 Sanguinis

1392 1474 1455 1495 cere

1332 1501 1392 1544 „De
1408 1487 1508 1546 Gra'tia
1523 1502 1616 1534 nostra
1631 1503 1647 1533 s
1678 1502 1824 1535 cialissima
1838 1502 1871 1533 &
1886 1501 2104 1534 Praemissorum
2114 1504 2215 1535 intuitu
2230 1502 2372 1536 Pardona-

1307 1549 1404 1570 vimus
1417 1542 1512 1586 eidem
1525 1551 1614 1581 nuper
1657 1541 1772 1581 piscopo
1797 1541 1913 1572 Sectam
1937 1540 2019 1572 Pacis
2041 1540 2164 1581 nostrae,
2182 1552 2245 1580 quae
2265 1543 2300 1574 ad
2321 1553 2374 1575 nos

1309 1578 1401 1623 versus
1414 1580 1505 1620 ipsum
1515 1581 1652 1623 pertinet,
1671 1591 1725 1619 pro
1737 1581 1914 1611 omnimodis
1930 1579 2159 1619 proditionibus,
2168 1580 2373 1620 Murdris,Fe·

1307 1617 1389 1648 Ioniis
1395 1641 1407 1658 ,
1415 1618 1642 1662 Mesprilionibus
1651 1641 1661 1658 ,
1668 1619 1930 1658 Conspirationibus
1937 1640 1948 1657 ,
1956 1618 2214 1659 imaginationibus,
2221 1621 2254 1652 &
2263 1620 2372 1652 Trans-

1309 1656 1498 1695 greffiombus
1514 1657 1657 1697 praedictis
1666 1679 1677 1696 ,

1347 1695 1398 1740 Ac
1408 1697 1493 1727 etiam
1510 1695 1736 1734 Convietiones,
1751 1694 1961 1734 Atrinctiona,
1981 1693 2112 1734 Judicia,
2128 1697 2162 1729 δε
2183 1695 2374 1731 Executionee

1305 1733 1485 1774 judiciorum
1500 1735 1530 1764 in
1546 1734 1718 1773 Pnemiffis,

1346 1773 1478 1804 Necnon
1493 1773 1607 1804 Seo‘tam
1626 1772 1709 1804 Pacis
1724 1771 1847 1811 nostrae,
1863 1781 1928 1811 quae
1943 1773 1978 1803 ad
1995 1771 2061 1803 Nos
2075 1771 2168 1804 versus
2180 1773 2270 1812 ipsum
2286 1775 2374 1814 perti-

1309 1812 1638 1882 ῗεὲηῗᾯιὲἳὲῗίξῖὶὲὥε
1651 1811 2040 1881 ῗὲοἳῖιῑᾷἳᾘὲςὶζὲῗὲἓῦ
2055 1811 2291 1882 ,Ὑεὲἕὲἓβοέὼω
2306 1836 2317 1853 ’
2340 1815 2375 1845 ⁶⁶

1311 1860 1497 1934 neatisffunde
1512 1861 1684 1934 Indidaffis,
1695 1861 1853 1933 FRectam-s,
1870 1887 1916 1919 vel
1929 1859 2091 1927 Appeffirus
2103 1860 2256 1928 eiristl'ist:ve
2272 1862 2373 1891 perp&

1347 1929 1393 1960 Ac
1409 1938 1494 1959 etiam
1509 1927 1683 1967 Utlaganas,
1701 1930 1719 1959 {i
1734 1937 1797 1967 quae
1818 1936 1849 1957 in
1869 1926 1960 1965 ipsum
1980 1928 2032 1958 hiis
2059 1927 2256 1960 occafionibus
2269 1928 2375 1962 fuerint

1309 1968 1518 2006 promulgatae,
1535 1967 1567 1998 &
1584 1968 1711 1998 Firmam
1726 1965 1836 1996 Pacem
1849 1964 1974 1996 nostram
1992 1967 2018 1997 ei
2031 1965 2098 1997 inde
2113 1966 2320 2007 concedimus,
2336 1969 2376 2000 ita

1311 2015 1407 2037 tamen
1423 2006 1502 2045 quod
1518 2004 1572 2036 stet
1588 2005 1687 2036 Recto
1707 2006 1739 2035 in
1762 2002 1849 2036 Curia
1871 2002 1987 2043 nostra,
2003 2004 2024 2035 si
2039 2006 2087 2044 qui
2101 2005 2193 2037 versus
2214 2016 2281 2038 eum
2296 2007 2376 2048 loqui

1310 2045 1453 2077 voluerint
1467 2045 1503 2076 de
1519 2043 1677 2076 Praernissis.

1346 2083 1384 2115 In
1401 2085 1478 2122 cujus
1514 2083 1577 2114 &c.

1310 2122 1472 2194 vemgeste
1485 2107 1568 2163 kege
1581 2122 1655 2163 apud
1671 2119 1933 2163 Wstmmsterium
1943 2143 1955 2161 ,
1973 2119 2114 2154 vicefimo
2128 2121 2236 2154 oeavo
2248 2122 2295 2154 die
2307 2120 2380 2158 No÷

1399 2171 1443 2193 ris.

2405 1193 2528 1229 *an

2389 1235 2452 1263 166.

1998 2200 2053 2230 Per
2066 2199 2150 2241 ipfitm
2166 2201 2274 2240 Regem.

1601 2326 1651 2360 De
1670 2324 1796 2372 '1'5‘eugis
1809 2327 1910 2360 Scotiae
1928 2323 2068 2360 tenendis.

1311 2410 1382 2482 LE
1401 2410 1491 2442 Ror
1511 2411 1573 2442 ὅτε.
1592 2421 1624 2450 a,
1650 2410 1747 2442 nostre
1770 2410 1902 2442 treschier
1917 2410 1951 2442 &
1973 2411 2041 2443 foial
2063 2410 2189 2452 Cousm,
2205 2411 2232 2443 Ie
2246 2416 2330 2444 conte
2343 2411 2376 2442 de
2392 2411 2522 2447 Ann.D.

1374 2450 1581 2488 Nerthumbre,
1596 2449 1689 2481 nostre
1705 2450 1879 2481 Conestable
1893 2450 2104 2491 d'Engleterre,
2122 2451 2214 2482 Saluz.
2420 2461 2507 2494 1400.

1348 2488 1447 2520 Come
1464 2499 1512 2527 par
1527 2488 1654 2527 Tretee,
1671 2489 1737 2520 faite
1749 2499 1798 2519 ore
1812 2489 1873 2519 tard
1890 2498 2018 2527 parentre
2038 2499 2151 2521 aucun-1.
2164 2498 2225 2521 noz
2239 2489 2372 2528 Deputez
2389 2497 2441 2520 Aa.
2461 2503 2488 2521 2.

1310 2527 1343 2558 &
1359 2528 1397 2558 les
1410 2527 1545 2566 Deputez
1557 2527 1593 2557 dc
1606 2528 1630 2558 la
1645 2529 1732 2565 partie
1745 2526 1897 2566 d'Escoce,
1916 2528 2072 2559 Accordez
2084 2529 2165 2560 estoit
2182 2539 2236 2568 que
2252 2530 2372 2567 especia-
2389 2537 2423 2562 H.
2441 2542 2470 2567 4.

1310 2566 1337 2596 le
1353 2565 1527 2604 Affurance,
1546 2566 1580 2596 &
1595 2566 1769 2596 Abstinence
1784 2566 1820 2596 de
1837 2565 1949 2596 Guerre
1963 2567 2053 2597 seront
2070 2577 2117 2606 par
2131 2569 2224 2598 Terre
2237 2590 2247 2605 ,
2273 2577 2373 2606 paren-
2390 2574 2457 2597 διον.
2472 2579 2500 2597 2.

1311 2613 1354 2635 tre
1368 2605 1406 2635 les
1420 2604 1575 2635 Roiaumes
1589 2605 1782 2642 d'Engleterre
1795 2604 1828 2635 ὃ(
1841 2604 1994 2643 d'Escoce,
2012 2606 2051 2636 du
2064 2608 2091 2636 ix
2100 2606 2173 2645 Jour
2188 2607 2223 2636 de
2238 2607 2296 2637 cest
2313 2617 2375 2645 pre·
2390 2611 2426 2637 H.
2443 2619 2472 2645 4.
2486 2617 2529 2639 m.

1310 2643 1369 2673 sent
1383 2643 1472 2684 Moys
1488 2644 1523 2673 de
1538 2642 1730 2687 Novembre,
1746 2651 1850 2680 tanque
1872 2653 1887 2673 a
1907 2643 2013 2674 mesme
2034 2645 2059 2674 le
2084 2645 2142 2675 'our
2158 2655 2173 2674 a
2195 2645 2247 2685 Sys
2268 2645 2377 2676 Scmai-
2395 2657 2422 2683 7.

1313 2691 1382 2719 gnes
1398 2682 1433 2712 de
1450 2683 1505 2712 lors
1528 2681 1675 2720 proschein
1699 2681 1834 2712 ensuantz
1851 2691 1886 2711 au
1907 2682 1974 2712 Soir
1987 2704 1996 2720 ,
2023 2693 2057 2713 au
2071 2654 2110 2713 ὲη
2127 2693 2180 2722 que
2217 2688 2242 2714 10
2261 2686 2376 2714 moiene

1312 2730 1423 2762 temps,
1439 2721 1476 2751 les
1492 2720 1626 2758 Deputez
1642 2721 1678 2750 de
1693 2720 1781 2751 Nous
1794 2721 1826 2750 &
1840 2719 1872 2749 de
1885 2719 1971 2760 nostre
1979 2721 2153 2761 Adversiure
2168 2706 2294 2761 JEscoce
2301 2724 2377 2761 puis-

1312 2762 1370 2789 lent
1383 2759 1453 2790 estre
1471 2758 1636 2790 Affemblez
1651 2769 1703 2797 pur
1718 2759 1819 2789 Treter
1835 2761 1878 2789 lui·
1894 2758 1918 2789 la
1932 2758 2133 2790 Continuance
2153 2760 2189 2790 de
2205 2760 2322 2792 mesmes
2339 2761 2378 2792 les

1312 2798 1450 2836 Trieues,
1467 2808 1518 2835 pur
1531 2799 1637 2829 certein
1650 2807 1742 2836 temps
1756 2806 1833 2835 apres
1847 2797 1886 2827 les
1899 2797 1949 2828 diz
1962 2800 2013 2837 Sys
2028 2798 2207 2838 Semaignes,
2226 2799 2312 2830 iibien
2327 2809 2378 2837 per

1314 2835 1417 2879 Meet,
1435 2846 1520 2867 corne
1536 2846 1586 2874 per
1602 2837 1711 2874 Terre,
1730 2835 1824 2866 i‘elonc
1840 2846 1874 2866 ce
1891 2838 1951 2874 q'ils
1965 2847 2083 2874 puri-ont
2091 2837 2161 2868 estre
2176 2838 2376 2876 accordez,&

1313 2876 1381 2917 aussi
1392 2877 1441 2905 {ur
1456 2878 1563 2906 certein
1574 2874 1645 2914 Jour
1661 2878 1693 2906 &
1711 2875 1780 2904 Lieu
1791 2897 1801 2911 ,
1819 2883 1857 2904 ou
1873 2875 1911 2905 les
1925 2874 2124 2906 Commissairs
2137 2876 2283 2908 deNoble
2290 2877 2377 2915 estat,

1314 2914 1382 2944 d'un
1397 2922 1454 2952 part
1470 2914 1502 2944 &
1517 2914 1642 2951 d'autre,
1659 2923 1671 2943 s
1682 2913 1882 2943 affembleront
1894 2924 1944 2951 pur
1958 2914 2061 2944 Treter
2076 2915 2110 2946 &
2126 2913 2292 2945 Concluder
2305 2926 2322 2946 a
2343 2914 2376 2945 fi-

1313 2952 1374 2982 nale
1392 2953 1477 2991 Pees,
1493 2953 1598 2982 iicome
1614 2962 1648 2981 en
1664 2952 1702 2982 les
1721 2952 1826 2981 Lettres
1846 2952 1895 2981 des
1916 2952 1977 2982 ditz
1998 2951 2133 2990 Deputez
2147 2953 2305 2984 Endentees
2328 2962 2376 2985 ent

1313 2990 1392 3021 faites
1405 2991 1445 3021 est
1461 2990 1520 3029 plus
1535 2991 1705 3028 pleinernent
1721 2999 1866 3021 contenuz
1876 3012 1887 3028 ,

1352 3028 1438 3060 Nous
1451 3029 1568 3067 volons,
1584 3029 1620 3059 de
1638 3029 1743 3059 l’ass‘ent
1764 3029 1799 3059 de
1815 3028 1909 3059 nostre
1932 3027 2063 3067 Conseil,
2081 3029 2115 3060 &
2135 3040 2208 3060 vous
2229 3029 2376 3061 Mandons

1313 3077 1368 3106 que
1382 3078 1452 3099 vous
1466 3067 1548 3099 facez
1561 3068 1754 3105 publikement
1770 3066 1936 3097 Proclamcr
1952 3090 1962 3103 ,
1988 3069 2006 3097 ii
2029 3069 2095 3097 bien
2117 3077 2214 3108 parmy
2229 3068 2377 3099 l'Estmar-

1314 3107 1387 3144 che,
1404 3116 1491 3137 come
1505 3107 1530 3136 le
1545 3106 1747 3137 Westinarche
1763 3116 1823 3135 vers
1843 3105 1953 3135 Escoce
1968 3128 1978 3143 ,
2003 3115 2068 3144 qant
2090 3106 2123 3136 &
2145 3106 2241 3137 selonc
2263 3117 2298 3139 ce
2319 3118 2376 3146 que

1315 3155 1388 3188 vous
1400 3145 1550 3186 seii-rblera,
1571 3155 1625 3182 que
1638 3145 1688 3174 nul
1703 3144 1739 3173 de
1751 3153 1810 3173 noz
1824 3143 1926 3180 Lieges
1941 3144 2119 3193 n'Attampte
2131 3147 2205 3176 tiens
2221 3155 2321 3176 contre
2334 3146 2375 3177 les

1315 3184 1431 3214 Ti‘ieues
1448 3185 1535 3221 prilez
1547 3183 1581 3213 &
1596 3183 1737 3213 accordez
1752 3192 1838 3212 coine
1852 3183 1952 3220 desuz,
1970 3183 2036 3213 einz
2050 3193 2069 3221 q
2080 3183 2110 3213 ils
2125 3183 2163 3214 les
2186 3184 2328 3223 Tiegnent
2342 3185 2376 3215 &

1316 3223 1444 3266 Gardent
1457 3222 1602 3264 selonclles
1616 3221 1675 3250 ditz
1690 3221 1792 3251 Tretee
1806 3221 1838 3251 ὃς
1856 3221 1991 3258 Accord,
2009 3221 2052 3251 sui·
2067 3222 2090 3251 la
2110 3221 2167 3262 Foy
2183 3223 2216 3254 &
2232 3223 2267 3253 Li
2291 3232 2378 3253 eance

1315 3262 1375 3300 q‘iis
1391 3261 1478 3291 Nous
1494 3262 1626 3297 devrent,
1644 3262 1677 3300 ὃς
1695 3259 1737 3289 sur
1753 3260 1842 3291 Peine
1855 3260 1891 3291 de
1904 3260 2048 3292 forfaiture
2060 3260 2098 3290 de
2111 3270 2252 3300 quantque
2266 3262 2297 3291 is
2312 3271 2378 3299 pur-

1318 3308 1386 3331 ront
1399 3300 1514 3331 forfaire
1528 3309 1626 3329 envers
1642 3298 1748 3336 Nous,

1353 3338 1390 3369 Et
1404 3349 1439 3368 au
1453 3338 1493 3368 fin
1509 3348 1562 3375 que
1578 3336 1697 3367 mesmes
1713 3337 1750 3367 les
1763 3337 1883 3367 Trieues
1897 3335 2018 3374 puissent
2031 3336 2139 3367 mieulz
2157 3336 2228 3368 estre
2244 3336 2300 3368 ensi
2315 3337 2378 3368 Te-

1315 3386 1373 3407 nuz
1394 3377 1427 3407 &
1451 3377 1567 3408 Gardez
1580 3399 1590 3414 ,
1615 3385 1689 3406 vous
1721 3374 1884 3414 Mmdons,
1909 3376 2076 3406 fermernent
2095 3376 2304 3415 enchargeant,
2323 3386 2378 3414 que

1315 3424 1397 3446 toutz
1412 3415 1449 3445 les
1464 3415 1605 3446 Gardeins
1618 3414 1654 3444 de
1670 3422 1728 3445 noz
1745 3413 1875 3443 Chastelx
1892 3414 1926 3444 ὃ(
1941 3413 2027 3444 Villes
2048 3423 2083 3443 en
2105 3412 2144 3443 les
2166 3413 2300 3445 Marches
2324 3414 2378 3446 sus-

1316 3455 1395 3492 ditz,
1412 3456 1445 3484 ὅ(
1461 3463 1549 3484 autres
1559 3476 1570 3492 ,
1588 3453 1680 3483 selonc
1697 3462 1731 3482 ce
1746 3462 1799 3490 que
1813 3450 1955 3489 Busoigne
1969 3451 2120 3489 sera‚vous
2134 3451 2214 3482 facez
2229 3462 2320 3483 trouer
2328 3453 2379 3484 de-

1315 3502 1381 3523 vant
1397 3502 1466 3523 vous
1480 3491 1613 3522 luffisante
1627 3491 1773 3528 Seuretee,
1792 3489 1854 3528 q’ils
1869 3491 2128 3528 n’Attempteront,
2146 3501 2182 3520 ne
2197 3490 2380 3523 ferrontriens

1316 3541 1463 3568 attemptet
1479 3540 1577 3561 contre
1592 3530 1629 3560 les
1643 3530 1702 3558 ditz
1718 3529 1852 3566 Trieues,
1872 3529 1904 3559 &
1920 3528 1938 3559 si
1949 3538 2011 3567 ,par
2027 3530 2101 3559 bone
2115 3529 2320 3560 Examinacion
2328 3540 2378 3569 pat

1316 3580 1385 3600 vous
1402 3581 1416 3599 a
1432 3569 1524 3606 faire,
1541 3578 1636 3598 trover
1648 3565 1755 3605 puissez
1776 3577 1830 3606 que
1849 3577 1953 3597 aucuns
1974 3566 2010 3596 de
2030 3575 2087 3597 noz
2113 3568 2211 3606 Lieges
2234 3577 2321 3606 ount,
2340 3577 2378 3599 en

1315 3618 1424 3639 aucune
1441 3617 1573 3644 manere,
1592 3607 1774 3643 Artempteez
1788 3615 1887 3635 avaunt
1904 3615 1949 3635 ces
1964 3605 2060 3635 heures
2068 3615 2168 3636 contre
2182 3606 2283 3645 ycelles
2290 3607 2378 3637 Trie-

1316 3657 1380 3684 ues,
1397 3647 1461 3677 loiir
1477 3656 1523 3675 ent
1539 3646 1620 3675 facet.
1632 3644 1700 3675 faire
1713 3643 1767 3674 due
1784 3642 1922 3674 Redreffe
1944 3644 1978 3674 &
2000 3643 2150 3674 Amendez
2163 3666 2173 3682 ,
2199 3643 2232 3674 &
2246 3653 2325 3674 outre
2342 3653 2378 3675 00

1315 3687 1378 3716 lour
1395 3685 1474 3716 facez
1488 3684 1546 3714 ensi
1562 3684 1648 3714 Punir
1663 3692 1710 3723 par
1727 3683 1795 3712 celle
1809 3681 1917 3720 cause,
1935 3691 1989 3720 que
1997 3689 2077 3712 toutz
2090 3691 2177 3712 autres
2191 3690 2240 3711 ent
2254 3682 2375 3719 puiffent

1315 3724 1433 3762 prendre
1447 3722 1614 3767 Ensample,
1632 3731 1683 3759 pur
1696 3721 1803 3752 eschuir
1817 3720 1904 3751 d'ensi
1920 3719 2078 3759 Trespaffer
2095 3721 2128 3751 &
2144 3719 2325 3758 Mesprender
2339 3729 2378 3751 en

1319 3772 1377 3793 tem
1400 3772 1411 3791 s
1425 3772 1440 3791 a
1456 3771 1534 3791 venir

1354 3773 1513 3830 Effdonons
1528 3782 1564 3828 e'ri
1580 3796 1789 3836 Mandement,
1807 3806 1855 3836 par
1870 3806 1917 3827 ces
1938 3794 2070 3826 Presentz
2084 3818 2094 3833 ,
2120 3805 2136 3826 a
2158 3803 2227 3826 touz
2241 3804 2301 3826 noz
2318 3795 2380 3828 ditz

1318 3839 1420 3875 Lieges
1433 3838 1491 3876 q‘ils
1504 3837 1590 3867 soient
1607 3847 1622 3865 a
1637 3846 1707 3867 vous
1721 3836 1899 3866 Entendantz
1915 3835 1948 3865 &
1972 3834 2118 3865 Obeiantz
2135 3843 2171 3864 en
2193 3834 2264 3866 celle
2275 3837 2380 3873 partie,

1316 3878 1357 3906 fiir
1374 3878 1398 3907 la
1413 3876 1474 3915 Foy
1489 3876 1521 3906 &
1537 3875 1682 3912 Ligeance
1699 3874 1759 3912 q'ils
1774 3874 1860 3905 Nous
1875 3874 1998 3903 devient.

1353 3915 1399 3945 En
1414 3914 1641 3950 Tesrnoignance
1655 3912 1691 3942 de
1707 3912 1788 3950 quele
1801 3911 1896 3942 Chose
1910 3920 1982 3941 nous
1996 3919 2084 3940 avons
2096 3908 2146 3940 fait
2159 3917 2281 3942 mettrea
2296 3920 2378 3951 yces-

1315 3962 1355 3986 tes
1373 3952 1466 3982 nostre
1487 3951 1589 3981 Grand
1603 3951 1672 3980 Sal.
2360 3945 2375 3971 λ

1351 3991 1433 4022 Don.
1450 4001 1466 4022 a
1481 3989 1589 4028 Wstm.
1607 3989 1632 4020 le
1648 3989 1733 4027 xxviij
1749 3988 1818 4026 jour
1835 3986 1871 4018 de
1884 3985 2070 4017 Novembre.

1868 4054 1925 4084 Par
1942 4049 1967 4082 le
1984 4053 2034 4083 Ros
2045 4049 2084 4087 ὠ
2092 4051 2147 4092 [ὄπ
2161 4049 2275 4092 Conftil.
2341 4092 2386 4122 De
