2561 4251
201 129 281 170 168

60 211 141 243 Ann-
156 211 197 244 D.
215 222 244 245 ta
262 212 358 245 nostra
375 212 503 250 scientia,
528 209 682 249 creamus,
709 210 857 249 Facimus,
878 209 1080 249 Deputamus,
1106 208 1141 240 &
1161 206 1283 239 Consti-

85 253 169 292 1384.
214 253 320 284 tuimus
336 262 388 290 per
406 252 567 293 praesentes,
729 289 734 294 θ

60 293 112 319 mc.
132 300 157 319 2.
253 290 361 321 Dantes
378 289 497 327 eildem,
549 295 665 327 uatum,
681 287 804 325 Tribus,
822 288 857 318 &
871 285 998 317 Duobus
1013 295 1134 324 eorum,
1152 283 1279 317 Potesta-

55 1881 133 1914 Ann.
148 1883 189 1915 D.

76 1922 154 1962 1384

53 1966 106 1990 An.
120 1971 134 1993 7

52 2004 83 2029 R.
100 2011 127 2029 2.

52 2043 140 2067 Franc.
160 2049 187 2076 7.

52 2081 82 2105 R.
97 2088 170 2108 mm.

54 2124 82 2152 3.

213 336 273 359 tem
291 328 456 366 specialem,
474 328 508 359 &
567 326 700 358 andatum
713 325 844 364 generale
859 325 893 369 ᾃ
909 324 1041 370 speciale,
1061 323 1277 369 Conveniendi,

212 366 392 404 Ti'adtandi,
415 366 449 396 &
469 364 694 402 Concordandi‚
718 374 771 402 pro
787 363 903 407 Nobis,
927 364 1055 408 Regnis,
1077 363 1192 408 Terris,
1208 361 1277 392 Do-

211 406 322 442 miniis,
340 404 577 442 Adhaerentibus,
596 402 735 440 Subditis,
755 403 790 433 &
809 402 906 440 Ligeis
919 402 1022 433 nostris
1037 402 1276 446 quibuscumque,

209 453 278 473 cum
299 442 473 479 Adverfhrio
490 443 579 482 nostro
594 444 707 478 Scotiae,
725 450 779 478 pro
797 441 853 480 Se,
871 439 986 480 Terris,
1005 441 1151 472 Dominus
1168 439 1277 471 Adhae-

210 481 352 518 rentibus,
373 481 407 512 ὃς
422 481 547 511 Subditis
564 480 614 510 suis
634 479 784 518 univerfis,
809 479 855 510 seu
873 480 932 519 ejus
950 482 979 510 in
998 479 1051 511 hac
1070 488 1146 518 parte
1164 479 1277 510 Procu-

209 519 362 557 tatoribus,
383 519 652 556 AmbassiatoribuS,
667 519 701 549 &
721 516 947 556 Commiffariis,
971 519 1005 549 ad
1021 519 1080 549 hoc
1100 517 1276 560 Potestatem

208 556 397 588 sufficientem
417 559 452 588 ab
470 558 574 588 eodem
591 556 759 588 Adversario
779 556 878 587 nostro
896 557 1084 596 habentibus,
1113 556 1193 594 super
1212 564 1276 595 qui-

208 596 386 636 buscumque
403 597 526 635 Treugis
542 597 576 628 &
594 594 780 626 Abstinentiis
798 595 994 634 Guerrarum,
1011 595 1157 626 hincinde
1170 603 1275 626 mutuo

208 634 354 673 ineundis,
372 645 422 673 per
437 636 506 665 tanti
525 635 664 672 temporis
677 634 797 672 spatium
814 634 968 673 duraturis,
985 644 1072 672 prout
1083 634 1186 665 eisdem
1201 634 1276 665 Pro-

207 674 401 711 curatoribus,
421 672 690 712 Ambasfiatoribus,
709 673 743 704 ὃ(
762 672 970 704 Commissariis
989 673 1105 712 nostris,
1125 675 1274 712 Quatuor‚

206 710 316 742 Tribus
329 734 339 750 ,
365 712 411 742 vel
430 711 556 743 Duobus
573 721 675 743 eorum
687 735 698 751 2
722 711 800 750 juxta
814 721 917 744 eorum
935 712 1127 744 Discretiones
1137 736 1148 752 ,
1174 712 1277 744 melius

205 750 348 781 videbitur
366 750 513 790 expedire,

245 788 376 820 Necnon
394 788 531 828 Petendi,
551 789 706 830 Exigendi‚
724 790 759 821 &
778 789 946 829 Recipiendi
963 798 1160 829 competentes
1168 790 1276 822 Emen-

207 825 255 857 das
268 850 277 866 ,
302 827 536 860 Reformationes
575 829 609 860 &
626 829 832 860 Restitutiones
847 839 1098 868 quorumcumque
1114 831 1277 874 Attempta-

206 874 324 906 torum,
343 877 392 905 per
428 877 516 899 artem
555 870 658 906 cotiae,
674 876 806 906 tempore
824 869 989 899 ultimarum
1007 868 1204 908 Treugarum,
1230 879 1275 899 m-

206 911 249 934 ter
266 905 334 936 Nos
352 907 385 937 &
422 907 508 937 ictam
524 905 638 937 Partem
656 906 781 945 Scotiae,
800 908 949 945 nuperime
967 908 1116 945 initarum,
1142 908 1176 938 &
1193 917 1274 946 quas-

205 952 332 983 cumque
349 943 541 976 Pecuniarum
558 946 692 977 Summas
704 968 714 984 ,
740 944 848 976 nedum
868 946 962 984 Ligeis
980 945 1084 976 nostris
1101 954 1249 984 propterea
1263 970 1274 986 ,

205 980 244 1013 set
269 984 352 1014 nobis
366 1007 377 1021 ,
401 994 454 1021 pro
477 983 607 1015 Restanti
633 983 852 1022 Redemptionis
877 985 923 1014 seu
949 984 1095 1015 Financiae
1113 987 1217 1016 David
1241 986 1274 1016 de

206 1023 267 1050 Bru
284 1033 295 1050 s
305 1022 342 1052 de
354 1023 467 1061 Scotia,
485 1023 592 1053 debitas
601 1046 610 1063 ,
628 1023 662 1054 &
675 1023 807 1054 nondum
820 1023 967 1061 persolutas
976 1046 985 1061 ,

275 1070 354 1092 amus
374 1062 458 1093 etiam
481 1061 602 1099 praefatis
624 1061 832 1093 Commissariis
845 1061 961 1099 nostris,
980 1060 1133 1101 Qatuor,
1151 1062 1275 1103 Tribus,

208 1099 243 1129 &
260 1098 382 1131 Duobus
400 1110 520 1139 eorum,
536 1101 667 1139 plenam,
686 1100 806 1132 Tenore
825 1100 1027 1139 Praesentium,
1047 1100 1274 1141 Austoritatetn,

206 1137 241 1167 &
260 1136 432 1169 Potestatem
483 1149 598 1170 necnon
618 1139 789 1170 Mandatum
807 1139 922 1177 speciale
934 1163 944 1178 ,
967 1141 1068 1170 omnia
1085 1141 1119 1171 ὅ(
1146 1140 1250 1180 singula
1264 1165 1274 1181 ,

207 1175 236 1205 in
256 1175 408 1207 Praerniffis
423 1162 585 1210 Theranda
600 1180 633 1210 &
651 1177 865 1209 Concordanda
876 1201 889 1225 2
913 1188 966 1217 pro
985 1188 1063 1216 parte
1078 1179 1193 1218 nostra,
1219 1190 1275 1211 no-

205 1213 286 1244 mine
302 1215 420 1253 nostro,
438 1226 618 1255 quacumque
632 1217 794 1254 securitate,
813 1216 889 1249 licita
907 1218 941 1248 &
959 1217 1095 1256 honesta,
1111 1218 1272 1259 Firmandi,

205 1251 394 1294 Roborandi,
411 1255 445 1285 ὃ(
466 1254 612 1294 Vallandi‚
628 1266 663 1286 ac
680 1256 709 1286 in
730 1256 870 1286 Animam
888 1255 1016 1287 nostram
1028 1257 1166 1296 Jurandi,
1191 1259 1225 1289 &
1242 1269 1274 1289 a-

204 1290 251 1321 lias
271 1290 470 1332 obligationes
487 1293 694 1333 quascumque,
714 1294 801 1325 licitas
821 1296 854 1326 δ(
871 1294 1018 1333 honestas,
1035 1298 1111 1327 circa
1126 1295 1271 1329 Praemissa

204 1330 360 1371 requifitas,
378 1332 516 1371 faciendi,
534 1342 620 1371 prout
636 1333 706 1364 Nos
721 1333 879 1364 faceremus
892 1333 912 1364 si
931 1334 1111 1372 personaliter
1129 1337 1273 1368 interess‘e—

203 1378 286 1408 πως,

245 1407 371 1448 Ratum,
389 1409 530 1448 Gratum,
547 1410 692 1450 Firmum,
709 1412 743 1443 ὃς
760 1410 921 1451 Acceptum
937 1411 1060 1444 habituri
1072 1413 1209 1452 quicquid
1224 1424 1272 1452 per

203 1445 419 1486 Procuratores,
439 1449 676 1488 Ambaffiatores,
696 1451 728 1481 &
744 1448 967 1482 Commiffarios
979 1451 1092 1483 nostros
1109 1452 1273 1492 praedivstoz

206 1485 340 1524 Qatuor
379 1487 453 1518 Tres
477 1489 522 1519 vel
542 1488 644 1529 Duos,
667 1499 787 1527 eorum,
803 1489 972 1521 Tractatum
994 1491 1028 1523 &
1052 1490 1270 1524 Concordatum

205 1525 289 1556 fuerit
303 1527 332 1555 in
375 1526 509 1557 raemiffis.

279 1563 312 1594 In
330 1565 425 1602 cujus,
441 1565 502 1596 &c-

244 1600 313 1635 Dat.
331 1604 360 1634 in
376 1603 482 1635 Palatio
498 1603 598 1637 nostro
610 1604 718 1646 Wstm.
737 1604 911 1637 duodecimo
926 1607 971 1638 die
980 1608 1068 1647 Junii.

690 1683 744 1712 Per
756 1681 837 1722 ipſsrm
851 1685 946 1721 Regem
959 1682 998 1718 &⁶
1012 1684 1165 1716 Concilium.

253 1808 303 1841 De
322 1809 434 1840 Locum
449 1816 561 1841 tenente
582 1810 669 1855 Regis
685 1810 717 1841 in
734 1806 879 1842 Partibus
898 1809 1042 1843 Picardiae
1062 1812 1120 1843 Con
1146 1816 1231 1846 ituro.

209 1891 331 1950 REX·
343 1892 476 1938 univerfis
491 1894 525 1925 &
538 1893 648 1938 singulis
663 1894 909 1940 Archiepiscopis,
926 1893 1090 1941 Episcopis,
1104 1896 1274 1942 Abbatibus,

286 1931 446 1969 Pnonbus,
472 1932 621 1971 Ducibus,
648 1932 884 1972 Marchionibus,
900 1933 1083 1974 comitibus,
1097 1934 1273 1977 Batonibus,

205 1967 383 2040 gastssglnis,
402 1970 572 2011 Officiariis,
587 1971 743 2012 Ministris,
766 1973 800 2005 δε
812 1972 871 2004 aliis
884 1971 1027 2005 Fidelibus
1042 1974 1110 2014 suis,
1126 1975 1161 2006 ad
1181 1986 1273 2016 quOS,

240 2019 436 2087 gelatigtgttssd
451 2049 521 2080 Nos
530 2073 539 2089 ,

242 2086 292 2118 De
303 2087 449 2127 fidelitate,
467 2088 617 2127 industria,
635 2089 670 2121 &
684 2089 954 2130 circumspectione,
972 2091 1103 2124 cariffimi
1127 2092 1273 2125 Avunculi

203 2124 311 2170 nostri,
328 2125 471 2164 Johannis
488 2131 568 2166 Regis
586 2128 710 2169 Castellae
725 2128 764 2165 ὠ·
781 2133 907 2169 Legionis
919 2130 1014 2163 Ducis
1029 2131 1199 2164 Lancastriae
1212 2133 1273 2173 ple-

203 2165 507 2236 ῃιιὲοῗὲξῗξῧῐιῗῶς
527 2205 618 2243 ipsum
638 2206 752 2239 Locum
769 2207 896 2240 nostrum
917 2217 1063 2240 tenentem
1083 2211 1112 2241 in
1136 2212 1273 2242 omnibus

201 2242 235 2285 ὃς
252 2242 362 2283 singulis
382 2243 471 2275 Locis
489 2246 519 2275 in
538 2244 666 2277 Partibus
684 2246 824 2278 Picardiae
838 2270 849 2287 ,
880 2249 910 2278 in
929 2248 1038 2288 Regno
1060 2249 1160 2280 nostro
1185 2249 1271 2281 Fran—

201 2290 349 2352 ciassames
368 2322 393 2351 ei
414 2321 544 2360 plenam,
564 2323 684 2355 Tenore
703 2322 904 2362 Praesentium,
922 2323 1099 2357 Potestatem
1117 2324 1153 2357 ad
1166 2326 1271 2364 Super-

201 2358 358 2390 videndum
376 2359 491 2399 Castra,
511 2361 670 2399 Fortalitia,
687 2360 790 2401 villas,
814 2363 847 2394 ὅ(
865 2363 916 2394 alia
933 2362 1014 2394 Loca
1030 2364 1125 2396 nostra
1141 2366 1170 2394 in
1187 2368 1271 2405 parti-

201 2398 253 2428 bus
268 2399 302 2429 ὃς
320 2399 392 2430 locis
410 2400 551 2437 praedietis
563 2423 574 2439 ‚
599 2402 633 2432 &
654 2400 836 2432 Munitiones
854 2402 1023 2433 eorumdem
1040 2425 1050 2441 ,
1072 2405 1131 2434 tam
1150 2402 1186 2434 de
1203 2404 1270 2435 Ho-

205 2436 345 2474 minibus,
364 2439 451 2475 quam
469 2438 505 2468 de
522 2438 679 2470 Armaturis
698 2440 732 2470 &
750 2439 943 2479 Vidiualibus,
960 2442 992 2472 &
1011 2441 1069 2472 aliis
1084 2442 1271 2482 Necessariis,

200 2475 233 2503 in
252 2475 353 2506 eisdem
373 2477 406 2506 ὃς
425 2477 555 2514 quolibet
572 2478 743 2508 eorumdem
759 2479 1000 2517 existentibus,&
1018 2480 1053 2511 ad
1068 2479 1269 2512 ordinandum

200 2512 238 2542 de
256 2513 327 2544 salva
346 2514 485 2546 Custodia
504 2517 537 2547 &
556 2515 730 2547 Defensrone
749 2517 919 2549 eorumdem
931 2542 940 2555 ‚

238 2549 278 2581 Et
293 2552 328 2581 ad
347 2553 458 2589 plenam
474 2553 618 2591 Justitiam
637 2557 772 2586 omnibus
790 2557 823 2587 ὃς
841 2557 968 2596 singulis,
991 2558 1019 2587 in
1038 2558 1174 2589 omnibus
1194 2557 1272 2590 Cau-

201 2588 251 2627 fis,
269 2592 329 2620 tam
347 2589 503 2629 Civilibus,
521 2593 608 2630 quam
626 2593 847 2633 Criminalibus,
864 2605 897 2626 ac
918 2597 1016 2626 omnia
1033 2596 1083 2627 alia
1102 2599 1136 2628 ὃς
1155 2597 1259 2635 singula

201 2628 376 2697 ἓὲἓεῇἳεῐῃ
372 2629 525 2660 faceremus
541 2630 560 2660 fi
577 2632 725 2669 prcesentes
744 2633 864 2664 essemus
877 2634 1000 2673 ibidem,
1021 2634 1156 2666 Nomine
1173 2637 1272 2667 nostro

237 2704 277 2735 Et
296 2704 362 2736 ideo
379 2690 479 2751 w'tobis,
497 2707 531 2738 &
547 2707 662 2738 cuilibet
677 2708 825 2747 vestrum,
845 2709 1035 2750 Mandamus,
1047 2712 1163 2743 firmiter
1180 2714 1271 2753 injun-

203 2744 655 2815 ἰεέἑὲὃὲιςὲἷὲἶίὲἑῖᾝῧῖἓὶῑξ
675 2755 722 2815 ‘3¹2¹
745 2748 1213 2820 ussssmfficffissgssisssgf‘figeflfff
1216 2755 1234 2822 i1
1242 2754 1271 2815 ³¹}

203 2820 350 2851 tendentes
371 2821 443 2860 fitis,
463 2794 697 2862 Reffaondente’s,
715 2823 919 2864 Consulemes,
935 2826 968 2856 ἃ
987 2799 1272 2867 Auxiliantaeegs‚¹{1ug-

193 2860 276 2890 vtiens
294 2860 327 2890 &
347 2869 432 2897 prout
450 2861 526 2891 idem
545 2861 610 2892 Rex
628 2862 727 2900 vobis,
743 2863 776 2894 &
794 2864 910 2895 cuilibet
924 2863 1071 2902 vestrum,
1089 2865 1158 2896 scire
1173 2867 1270 2899 fecerit

56 3194 75 3214 '³
98 3197 163 3223 VII.

56 3243 123 3269 433-

55 3272 132 3301 Ann.
150 3273 191 3307 D,

79 3313 163 3349 1384..

57 3354 109 3376 Au.
126 3354 152 3378 ὅ.

57 3392 85 3415 R.
110 3399 134 3416 2.

58 3428 144 3462 (L'Juf.
161 3428 188 3455 S.

203 2906 238 2926 ex
257 2905 333 2935 parte
351 2897 458 2929 nostrai.

242 2935 275 2967 In
291 2936 383 2974 cujus,
404 2939 462 2968 &e
483 2938 618 2975 quamdiu
632 2939 715 2970 nobis
731 2940 865 2977 placuerit
877 2941 1028 2973 duraturas.

277 2973 347 3005 Dat.
365 2976 394 3005 in
409 2976 518 3008 Palatio
535 2977 635 3009 nostro
649 2978 757 3018 Westm.
775 2979 891 3010 decimo
908 2982 1009 3019 quinto
1021 2980 1067 3012 die
1076 2980 1163 3020 Junii.

687 3059 740 3087 Per
754 3055 835 3096 ipsam
847 3058 942 3094 Regem
957 3056 994 3092 όν
1011 3056 1163 3088 Concilium.

544 3184 573 3211 *τ
596 3189 645 3220 De
665 3189 741 3221 Cera
759 3188 946 3223 renovanda.

210 3270 327 3326 REX
341 3271 529 3304 Thesaurario
542 3274 576 3304 ὅ(
592 3272 760 3304 Camerariis
774 3273 842 3313 suis,
861 3274 994 3306 Salutem.

306 3309 476 3341 Mandamus
498 3312 581 3342 vobis
601 3312 681 3348 quod
707 3312 829 3351 Ceram,
851 3313 1017 3344 existentem
1041 3314 1115 3344 circa
1136 3312 1270 3351 Corpus,

205 3345 323 3377 celebris
345 3352 509 3387 memoriae,
533 3349 658 3380 Domini
681 3352 717 3379 E.
736 3361 824 3388 nuper
848 3355 924 3388 Regis
944 3352 1076 3390 Angliae,
1098 3352 1161 3382 filii
1182 3353 1269 3391 Regis

206 3385 332 3423 Henrici,
352 3387 544 3427 progenitoris
558 3388 661 3426 nostri,
676 3390 705 3418 in
719 3389 845 3420 Ecclesia
860 3391 931 3421 beati
950 3392 1026 3421 Petri
1039 3390 1081 3421 W
1084 3390 1269 3421 estmonaste·

632 119 1448 170 CONVENTIONES,
1503 121 1901 173 LITERAE,

1356 206 1396 239 Et
1408 218 1462 246 por
1475 217 1510 240 ce
1522 207 1559 239 les
1570 211 1647 239 Ducs
1654 232 1665 248 ‚

1353 249 1400 314 ξε
1412 250 1517 289 Berry,

1382 294 1411 324 t,

1355 326 1402 353 De
1415 326 1567 363 Burgoigne
1574 349 1584 365 ,

1354 360 1468 394 Uncles
1479 364 1516 394 de
1530 364 1627 395 nostre
1642 363 1683 394 dit
1697 363 1881 404 Adverfiiire,

1352 402 1397 430 Le
1412 404 1475 432 Duc
1486 402 1519 433 de
1533 405 1697 442 Bretaigne,

1353 441 1443 470 Parte
1455 442 1488 471 de
1500 445 1656 479 Montagu,
1675 443 1705 479 qi
1721 441 1873 480 n'adgaires
1883 440 1966 473 estoit
1979 439 2129 482 FEvesque
2142 443 2175 475 de
2196 445 2298 488 Laon,
2313 447 2346 481 δε
2366 457 2385 480 a

1315 477 1440 516 present,
1458 479 1485 510 se
1500 480 1541 510 dit
1555 480 1693 511 cardinal
1703 480 1851 523 l'Evffque
1863 482 1895 512 de
1914 484 2009 511 Baeux
2018 504 2029 520 ,

1352 518 1396 545 Le
1411 520 1495 547 Conte
1506 519 1539 548 de
1551 522 1698 558 Santerre,

1353 553 1504 587 Monsieur
1516 557 1645 587 Arnault
1660 558 1691 587 de
1705 558 1816 597 corba»,
1833 560 1860 591 le
1874 559 1935 591 Sire
1949 558 1986 591 de
1998 559 2149 600 Ryvenal,

1353 592 1505 625 Monfieur
1518 598 1579 636 Guy
1593 597 1625 626 de
1637 595 1666 625 la
1681 597 1827 628 Tremoulle
1836 622 1845 637 ,
1863 599 1999 639 Seigneur
2013 598 2050 630 de
2062 599 2148 639 Suly,

1352 631 1505 664 Monfieur
1519 637 1637 664 Auceaa
1651 635 1683 664 de
1698 635 1805 675 Salinr,

1353 669 1504 703 Monfieur
1515 671 1616 710 Johan
1629 671 1654 702 le
1670 676 1802 712 Mercier,

1349 707 1388 739 Et
1403 709 1554 742 Monfieur
1567 714 1667 742 Tricam
1679 713 1711 742 de
1726 716 1798 751 Bos,

1352 748 1440 779 Aient
1460 751 1614 781 entencion
1636 750 1674 782 de
1694 752 1791 790 venir,
1809 751 1875 783 ainsi
1891 762 1947 791 que
1965 752 2091 784 entendu
2103 760 2210 792 avons,
2226 764 2255 785 es
2277 753 2385 788 Par'tiez

1313 784 1349 855 ge
1363 785 1516 857 ἕίς-ῗτάἰε,
1535 798 1653 821 comme
1673 789 1818 830 Messages
1837 791 1874 823 de
1896 791 1995 823 nostre
2017 792 2060 823 dit
2074 791 2253 833 Adversaire‚
2272 805 2288 826 a
2301 795 2384 827 cause

1334 835 1349 855 e
1383 835 1404 856 it
1448 836 1524 859 retee

1349 863 1439 896 Nous
1458 853 1612 904 (veul'lantz
1630 867 1770 900 Purvoier
1789 879 1805 899 a
1822 869 1847 901 la
1869 868 1968 900 Garde
1986 870 2020 901 &
2039 869 2139 901 Seurte
2156 869 2192 901 de
2210 880 2280 910 eux,
2297 872 2332 903 &
2346 871 2384 903 de

1311 901 1372 934 leur
1393 903 1494 936 Gentz
1507 929 1517 945 ,
1539 907 1572 938 &
1589 907 1734 937 Familiers
1748 931 1758 946 ,
1783 907 1906 941 Chivalx
1920 931 1930 947 ,
1956 908 2084 939 Hernois
2097 931 2108 947 ,
2136 908 2170 939 &
2188 917 2278 940 autres
2297 909 2383 942 Biens

1311 945 1500 1010 gieconqes)
1518 955 1608 976 avons
1625 944 1687 976 Pris
1705 946 1739 977 ὅτ.
1759 957 1820 985 mys
1833 970 1843 985 ,
1874 946 2036 985 Preignons
2054 948 2088 979 &
2107 957 2247 978 recevons
2265 947 2303 978 les
2321 949 2381 980 ditz

1346 990 1412 1018 ucs,
1431 984 1465 1014 &
1484 983 1607 1014 chescun
1622 984 1659 1014 de
1677 993 1749 1023 euX,
1764 986 1890 1024 ovesque
1907 996 1960 1017 eux
1974 987 2035 1016 leur
2048 985 2166 1024 Gentz,
2182 986 2216 1017 δε
2229 985 2383 1026 Familiers,

1311 1018 1476 1060 Chivalers‚
1493 1021 1622 1052 Escuiers
1636 1047 1646 1060 ,
1674 1021 1791 1063 Clercs,
1809 1024 1926 1063 Varles,
1949 1026 1984 1057 ὃς
2002 1024 2071 1055 aussi
2089 1025 2127 1055 les
2143 1033 2235 1056 autres
2250 1023 2382 1055 Conseil-

1311 1057 1363 1088 lers
1381 1058 1418 1089 de
1437 1059 1534 1090 nostre
1551 1061 1591 1092 dit
1611 1061 1776 1092 Adversaire
1791 1086 1801 1101 ,
1824 1071 1948 1093 venantz.
1963 1074 2000 1094 en
2014 1064 2073 1094 leur
2091 1063 2284 1103 Compaignie
2297 1086 2307 1102 ,
2337 1074 2379 1096 ou

1310 1096 1436 1137 ailleurs,
1456 1109 1508 1137 pur
1526 1098 1551 1130 la
1570 1099 1651 1130 cause
1667 1099 1812 1138 desuisdit,
1830 1101 1904 1132 soint
1923 1101 1955 1132 ils
1971 1102 2101 1139 Prelatz,
2119 1101 2242 1141 Corin,
2260 1101 2381 1142 Barons,

1310 1135 1481 1176 Chivaliers,
1500 1147 1539 1169 ou
1559 1138 1664 1170 d'autre
1681 1138 1759 1170 Estat
1775 1150 1815 1170 ou
1834 1139 2001 1171 Condicion
2020 1141 2211 1180 quelconqes,
2231 1140 2324 1180 jusqes
2341 1151 2378 1173 au

1310 1173 1450 1207 Nombre
1478 1177 1511 1206 de
1536 1180 1598 1216 Sept
1622 1181 1712 1208 Centz
1730 1178 1860 1218 Parfhnes
1877 1202 1886 1217 ,
1913 1188 1929 1209 a
1948 1177 2054 1210 Chival
2068 1201 2078 1218 ‚
2103 1189 2143 1209 ou
2160 1189 2176 1210 a
2193 1179 2253 1211 Pee
2268 1202 2279 1219 2
2302 1180 2376 1212 leurs

1309 1212 1448 1254 Chivalx,
1467 1215 1562 1246 Mone
1582 1226 1615 1255 e,
1633 1215 1737 1248 Herno
1756 1227 1785 1255 s,
1804 1218 1838 1248 &
1853 1226 1942 1249 autres
1958 1217 2040 1249 Biens
2059 1217 2251 1256 quelconqes,
2268 1227 2305 1249 en
2316 1228 2378 1250 noz

1307 1251 1391 1284 sauve
1405 1254 1439 1285 &
1458 1253 1535 1285 seure
1584 1255 1709 1296 onduyt‚
1755 1256 1914 1295 rotec‘tion,
1940 1257 2098 1296 Tuycion,
2123 1256 2318 1296 Sauvegarde,
2342 1258 2377 1290 &

1308 1291 1435 1323 Defense
1450 1293 1602 1332 especialx,
1619 1304 1655 1324 en
1675 1304 1795 1334 venant,
1819 1295 2008 1334 Sojournant,
2035 1295 2136 1333 Alam,
2162 1296 2196 1328 &
2214 1295 2326 1327 Passant
2346 1306 2378 1327 es

1312 1328 1417 1362 Parties
1435 1330 1471 1362 de
1490 1331 1635 1372 Picardie,
1652 1343 1692 1364 ou
1711 1334 1835 1372 ailleurs,
1863 1344 1911 1372 par
1927 1334 1953 1365 le
1971 1333 2108 1365 Roialme
2123 1334 2160 1365 de
2177 1334 2288 1365 France
2303 1358 2313 1372 ,
2337 1345 2379 1367 ou

1309 1368 1328 1399 il
1347 1369 1417 1400 serra
1437 1371 1550 1402 mestier
1564 1382 1617 1411 pur
1635 1372 1660 1402 la
1678 1372 1720 1403 dit
1742 1372 1857 1404 Traitee
1871 1396 1881 1412 ,
1913 1383 1953 1404 ou
1979 1382 2136 1404 aun-ement
2149 1395 2159 1412 ‚
2187 1372 2311 1404 dedeinz
2334 1373 2376 1404 les

1308 1406 1422 1440 Bondes
1446 1410 1480 1441 &
1498 1409 1606 1441 Mettes
1630 1410 1677 1441 des
1695 1412 1805 1443 Treues
1820 1436 1830 1451 ,
1856 1411 1938 1450 prises
1961 1411 2166 1443 darreinement
2184 1411 2269 1443 d’une
2284 1411 2380 1444 Partie

1308 1446 1343 1489 βε
1359 1446 1479 1487 d'autre,
1500 1449 1567 1479 sanz
1582 1449 1679 1480 fraude
1694 1451 1728 1482 δε
1746 1451 1811 1481 sanz
1828 1450 1901 1482 male
1913 1460 2022 1491 engyn,
2039 1451 2072 1481 &
2087 1450 2113 1481 la
2130 1450 2310 1489 Demurant,
2322 1450 2378 1482 So-

1304 1494 1456 1526 Journant,
1474 1487 1508 1519 δε
1526 1487 1708 1519 Retournant
1727 1499 1790 1520 vers
1805 1489 1844 1520 les
1864 1491 1964 1528 parties
1981 1489 2018 1520 de
2031 1489 2157 1527 France,
2175 1499 2224 1527 par
2240 1488 2327 1520 Meer
2340 1490 2378 1522 &

1308 1533 1355 1562 par
1375 1524 1486 1564 Terre,
1506 1535 1575 1558 touz
1592 1527 1762 1567 Ensemble,
1779 1539 1818 1559 ou
1838 1539 1886 1566 par
1904 1528 2028 1565 Parties,
2044 1528 2150 1559 ficorne
2165 1529 2184 1558 il
2202 1528 2261 1558 leur
2274 1527 2378 1567 plerra,

1307 1564 1342 1594 &
1356 1562 1375 1593 fi
1388 1563 1488 1596 fovent
1501 1575 1588 1596 corne
1602 1566 1634 1596 ils
1645 1567 1807 1605 voudmm,
1828 1568 1861 1598 δε
1876 1576 1891 1597 a
1903 1567 1982 1598 Faire
2005 1567 2092 1605 serra,
2110 1576 2161 1604 pur
2181 1566 2206 1597 la
2226 1566 2304 1598 cause
2325 1565 2378 1598 de-

1307 1601 1430 1641 suisdite,
1453 1613 1493 1634 ou
1511 1612 1687 1644 autrement,
1713 1616 1761 1644 par
1781 1606 1807 1637 le
1826 1605 1962 1637 Roialme
1983 1605 2019 1637 de
2039 1605 2163 1643 France,
2189 1604 2313 1636 dedeinz
2332 1605 2374 1636 les

1309 1639 1371 1670 ditz
1390 1640 1503 1673 Bondes
1525 1644 1558 1674 &
1581 1642 1702 1682 Mettes,
1718 1643 1796 1674 ainffi
1811 1654 1866 1683 que
1880 1644 1958 1675 <lesus
1971 1644 2012 1675 est
2026 1643 2084 1683 dit,
2101 1654 2117 1674 a
2130 1643 2212 1675 durer
2226 1654 2274 1683 par
2287 1643 2379 1677 Trois

1309 1677 1416 1720 Moys,
1432 1682 1584 1719 prochains
1596 1691 1728 1713 venantes
1739 1693 1817 1722 apres
1831 1683 1857 1714 la
1869 1683 1944 1713 Date
1958 1683 1994 1714 de
2009 1682 2117 1721 cestes,

1345 1717 1384 1750 Et
1408 1729 1481 1758 pour
1501 1730 1535 1751 ce
1559 1720 1646 1751 Nous
1668 1720 1816 1752 Mandons
1837 1722 1870 1752 &
1893 1720 2115 1752 Commandons
2141 1720 2336 1753 estroitement
2358 1732 2377 1754 a

1308 1766 1382 1788 vous
1406 1766 1494 1798 touz‚
1514 1767 1573 1790 noz
1591 1759 1702 1798 Subgiz
1722 1759 1886 1798 desuisditz,
1903 1761 1936 1791 &
1951 1768 2010 1791 noz
2022 1759 2250 1800 Bienveullantz‚
2270 1760 2378 1800 Amys,

1308 1796 1412 1835 Anies,
1431 1798 1465 1829 ὃ(
1485 1797 1649 1830 Adherentz
1669 1799 1770 1830 Prions
1791 1799 1825 1830 &
1847 1799 2028 1838 Requirons,
2046 1800 2079 1830 &
2099 1798 2223 1830 chescun
2244 1798 2280 1830 de
2302 1808 2375 1837 eux,

1308 1835 1343 1866 δε
1363 1835 1435 1866 leurs
1455 1836 1660 1876 Lieutenantz,
1685 1837 1811 1869 Officers
1825 1860 1835 1876 ‚
1860 1837 1893 1873 &
1915 1837 1964 1869 De
1986 1847 2045 1869 utes
2060 1861 2069 1876 ,
2094 1846 2150 1876 que
2161 1836 2200 1868 les
2217 1836 2294 1868 desus
2314 1837 2377 1882 ditjz.

1308 1873 1410 1914 Ducs,
1425 1873 1554 1914 Comes,
1570 1876 1604 1908 δε
1619 1886 1710 1908 autres
1721 1877 1798 1908 desus
1814 1876 1952 1915 declares,
2007 1876 2111 1915 effages
2127 1875 2162 1920 de
2180 1915 2184 1920 ,
2198 1884 2210 1905 r
2225 1875 2325 1920 nostre
2334 1875 2377 1907 dit

1309 1912 1492 1953 Adversaire‚
1509 1916 1543 1946 &
1568 1915 1691 1947 chescun
1714 1916 1750 1948 de
1774 1924 1843 1954 eux,
1862 1916 1922 1947 leur
1944 1915 2058 1954 Gentz,
2076 1914 2167 1945 Famil
2187 1924 2249 1951 ers,
2267 1913 2378 1946 Chiva-

1311 1951 1394 1991 liers,
1412 1951 1537 1984 Escuiers
1572 1953 1688 1994 Clercs,
1708 1954 1821 1993 Varles,
1840 1955 1874 1987 &
1887 1963 1995 1993 autres,
2010 1954 2046 1985 de
2059 1954 2221 1994 quelconqe
2239 1952 2319 1985 Estat
2335 1963 2380 1993 ou·

1310 1989 1481 2023 Condicion
1503 1978 1566 2031 q’iis
1589 1993 1696 2032 soient,
1717 1993 1802 2032 ‘usqes
1814 2003 1850 2025 au
1866 1993 1906 2025 dit
1921 1993 2061 2025 Nombre
2075 1992 2110 2024 de
2123 1996 2155 2023 Se
2173 1998 2185 2021 t
2200 1995 2289 2022 Centz
2301 1993 2379 2037 *Par-

1300 2028 1400 2070 anes,
1417 2040 1452 2061 au
1474 2029 1595 2070 Chival‚
1612 2043 1652 2064 ou
1675 2043 1691 2063 a
1710 2003 1784 2072 i'ee,
1802 2032 1875 2063 leurs
1888 2032 1949 2064 ditz
1961 2031 2102 2072 Chivalx,
2162 2040 2223 2062 ono
2248 2053 2258 2070 ,
2275 2029 2377 2070 Biens,

1308 2070 1343 2101 &
1357 2069 1461 2100 Herno
1480 2079 1492 2100 s
1507 2070 1698 2111 quelconqes,
1717 2081 1789 2102 vous
1802 2070 1924 2103 soeffiez
1939 2073 1973 2104 &
1988 2071 2087 2102 leffent
2102 2071 2136 2103 δε
2150 2069 2198 2101 soe
2237 2077 2284 2101 ent
2305 2069 2380 2108 pesi-

1308 2108 1436 2139 blement
1450 2079 1560 2150 lXaffer,
1578 2110 1748 2149 demourer‚
1767 2110 1928 2149 so'ourner‚
1942 2111 2008 2143 aller
2017 2134 2027 2149 ,
2042 2110 2077 2142 &
2092 2117 2254 2148 retourner,
2267 2108 2379 2140 ensem-

1308 2147 1372 2186 ble,
1390 2158 1430 2179 ou
1449 2157 1497 2187 par
1519 2151 1634 2189 parties,
1652 2160 1668 2181 a
1688 2149 1747 2180 leur

1307 2186 1367 2217 leur
1389 2187 1495 2227 plerra,
1515 2195 1574 2219 tant
1593 2199 1641 2229 par
1664 2188 1756 2220 Terre

1308 2224 1454 2265 Picardie,
1473 2237 1513 2257 ou
1524 2227 1648 2267 ailleurs‚
1665 2238 1702 2259 en
1712 2227 1738 2258 la
1752 2211 1783 2258 l}

1796 2149 1938 2189 olentees,
1963 2150 1998 2181 &
2017 2156 2078 2181 tant
2096 2148 2133 2179 de
2154 2147 2228 2179 foitz
2247 2156 2336 2192 come
2356 2146 2378 2178 il

1790 2198 1878 2219 come
1899 2198 1947 2227 par
1966 2187 2069 2226 Mete,
2085 2196 2115 2219 es
2130 2185 2191 2218 ditz
2212 2186 2319 2218 Parnes
2340 2184 2379 2217 de

1785 2228 1900 2258 oiaume
1911 2226 1950 2258 de
1963 2226 2088 2265 France,
2105 2235 2146 2257 ou
2168 2225 2187 2256 il
2210 2224 2282 2256 serra
2300 2233 2378 2256 mes-

1308 2265 1377 2303 tier‚
1402 2275 1455 2303 pur
1471 2265 1498 2296 le
1516 2265 1556 2297 dir
1574 2266 1682 2305 Trete,
1707 2277 1747 2298 ou
1765 2274 1942 2304 autrement,
1969 2265 2035 2297 sanz
2052 2264 2149 2296 fraude
2167 2264 2201 2296 &
2219 2263 2285 2296 sanz
2302 2263 2378 2295 male

1307 2312 1400 2343 engyn
1415 2327 1424 2343 ‚
1444 2303 1558 2335 dedeins
1573 2304 1612 2336 les
1631 2313 1730 2336 mettes
1749 2306 1784 2338 &
1802 2305 1912 2336 bondes
1928 2305 1947 2325 *¹
1969 2303 2115 2336 desuisditz
2131 2327 2142 2347 ,
2165 2303 2192 2348 la
2207 2301 2376 2347 demutant,

1308 2343 1341 2374 &
1362 2352 1400 2373 en
1418 2351 1561 2375 returnant
1579 2354 1616 2375 en
1636 2345 1762 2382 France,
1780 2343 1897 2376 durante
1911 2344 1938 2375 le
1957 2351 2050 2375 terme
2064 2341 2209 2380 desuisdit,
2225 2341 2290 2373 sanz
2306 2340 2374 2373 farre

2401 218 2480 251 Ann.
2492 222 2538 255 D.

2421 260 2520 300 1384..
2544 294 2547 296 v

2400 301 2453 328 Ric.
2471 311 2484 328 2
2491 322 2499 331 .

2388 2325 2409 2348 '⁸‘
2418 2329 2505 2359 vm.

1306 2390 1497 2413 aucunement
1509 2406 1518 2421 ,
1542 2393 1581 2413 ou
1600 2382 1709 2414 soeffrir
1737 2383 1809 2414 estre
1826 2383 1875 2414 fait
1890 2393 1930 2414 ou
1949 2382 2062 2420 donne,
2086 2390 2135 2420 par
2151 2381 2219 2412 voie
2236 2379 2350 2412 d’Arest
2365 2375 2455 2420 ,434²

1304 2429 1320 2449 a
1338 2420 1420 2451 cause
1437 2420 1474 2451 de
1490 2421 1632 2460 Marque,
1651 2421 1830 2460 Reprissille,
1847 2421 2038 2459 Emrecours,
2055 2419 2234 2458 Promeffoe,
2249 2419 2378 2450 Caucio-

1305 2469 1371 2497 ncs‚
1391 2459 1634 2499 Reconissances,
1653 2460 1852 2500 Obligations,
1870 2470 1909 2492 ou
1929 2470 1978 2499 par
1996 2468 2075 2492 autre
2089 2458 2185 2498 cause,
2202 2458 2322 2497 colour,
2338 2468 2379 2490 ou

1305 2497 1440 2528 occasion
1460 2508 1644 2538 queconques
1660 2523 1670 2538 ,
1697 2509 1712 2529 a
1730 2508 1785 2530 eux
1798 2521 1808 2538 ‚
1832 2509 1871 2530 ou
1890 2508 1996 2530 aucuns
2014 2497 2051 2529 de
2065 2506 2120 2530 eux
2138 2520 2148 2536 ,
2171 2507 2208 2528 en
2227 2496 2379 2535 Parsones,

1307 2535 1446 2572 Chivalx,
1467 2536 1619 2578 Monoye,
1636 2548 1676 2568 ou
1695 2546 1784 2568 autres
1800 2537 1912 2569 Choses
1928 2547 1968 2568 ou
1981 2536 2082 2575 Biens,
2100 2535 2249 2576 Damage,
2264 2535 2377 2566 Moles-

1307 2582 1350 2613 te,
1372 2574 1504 2614 Vileyne,
1523 2576 1624 2615 Arest,
1644 2575 1839 2615 Destourber,
1868 2586 1908 2607 ou
1928 2574 2158 2614 Empechement
2177 2583 2301 2614 aucuns,
2321 2583 2376 2606 co-

1263 2623 1272 2636 >
1308 2622 1389 2644 ment
1405 2624 1461 2652 que
1469 2623 1503 2644 ce
1518 2613 1587 2653 soit,

1352 2653 1472 2683 Aincois
1485 2677 1495 2691 ,
1520 2652 1546 2683 se
1566 2652 1669 2684 mester
1684 2653 1744 2684 leur
1759 2652 1801 2684 est
1816 2676 1826 2692 ,
1848 2653 1882 2685 &
1898 2661 1947 2690 par
1967 2661 2023 2682 eux
2038 2675 2049 2691 ,
2072 2662 2112 2683 ou
2128 2661 2233 2684 aucuns
2250 2651 2288 2695 de
2304 2659 2375 2690 eux,

1308 2701 1343 2721 en
1363 2690 1440 2722 estez
1457 2692 1550 2730 requis
1564 2715 1574 2731 ,
1597 2702 1638 2723 ou
1656 2691 1718 2723 sont
1737 2693 1831 2729 requis
1847 2716 1857 2730 ,
1885 2691 1945 2722 leur
1963 2690 2043 2721 facez
2058 2691 2092 2723 ὃ(
2108 2690 2202 2722 facent
2219 2700 2298 2722 avoir
2317 2689 2381 2720 sauf

1308 2729 1448 2769 Conduyr
1499 2739 1585 2770 gentz
1599 2755 1609 2771 ,
1631 2732 1724 2762 viures
1737 2754 1746 2770 ,
1772 2732 1805 2761 &
1832 2739 1920 2761 autres
1939 2728 2038 2760 choses
2056 2729 2221 2760 necessaires
2240 2738 2295 2767 pur
2314 2728 2376 2760 leur

1307 2767 1440 2808 passage,
1459 2753 1616 2808 bernone,
1635 2770 1668 2801 &
1686 2768 1854 2807 Retourne,
1872 2778 1887 2799 a
1904 2768 1978 2799 leurs
1997 2767 2141 2806 despenses
2160 2767 2322 2806 resonable,

1343 2806 1381 2838 Et
1397 2817 1469 2838 nous
1481 2807 1680 2846 PromettonS,
1697 2818 1732 2839 en
1748 2809 1826 2839 bone
1840 2808 1908 2847 foye
1922 2809 1955 2840 &
1968 2817 2004 2836 en
2016 2806 2116 2837 Parole
2129 2805 2168 2837 du
2182 2805 2265 2845 Roy,
2283 2805 2375 2836 dete-

1307 2846 1352 2913 gir
1365 2845 1398 2876 &
1412 2846 1481 2877 faire
1494 2848 1566 2878 tenir
1580 2847 1688 2885 ferme,
1706 2846 1827 2885 estable,
1845 2847 1879 2878 &
1900 2845 2007 2878 valable
2028 2855 2063 2876 ce
2083 2844 2195 2884 present
2213 2843 2277 2876 sauf
2289 2843 2375 2875 Con-

1329 2892 1357 2913 ur

1344 2907 1383 2953 E’t
1397 2934 1470 2962 que,
1488 2923 1527 2954 s’il
1544 2925 1658 2955 avenoit
1671 2933 1781 2955 aucune
1796 2921 1882 2955 chose
1897 2921 1968 2952 estre
1982 2921 2031 2952 fait
2044 2928 2145 2965 contre
2157 2920 2182 2950 la
2193 2928 2293 2964 tenure
2314 2919 2375 2964 d’y-

1306 2961 1397 2999 celluy
1420 2962 1481 2992 fimf
1498 2961 1635 3001 Condut,
1653 2972 1727 2992 nous
1748 2972 1785 2992 en
1806 2961 1902 2992 ferons
1913 2960 1980 2990 faire
1994 2968 2081 2989 ent1er
2094 2958 2278 2996 satisfaction,
2294 2957 2374 2988 restr-

1306 3000 1416 3036 tution,
1434 3001 1468 3031 ὅ(
1483 3000 1602 3030 amende
1616 3011 1632 3032 a
1647 3009 1719 3031 ceux
1735 3002 1764 3038 qi
1777 3000 1882 3030 serront
1895 2997 2033 3042 offenduy.
2046 3007 2086 3028 ou
2098 2996 2251 3035 damagez,
2268 2997 2301 3027 &
2319 2995 2373 3040 cle-

1307 3036 1447 3068 liverance
1459 3037 1507 3068 des
1522 3038 1672 3075 Parsones,
1688 3039 1707 3068 si
1723 3047 1845 3068 aucunes
1858 3036 1939 3074 prises
1951 3035 2071 3066 estoient
2085 3045 2125 3066 ou
2136 3034 2241 3065 arestez
2263 3035 2325 3072 (qul
2347 3044 2372 3072 1²

1308 3085 1344 3104 ne
1359 3075 1422 3112 soit)
1438 3075 1456 3105 si
1474 3076 1531 3106 tost
1544 3086 1631 3107 come
1647 3076 1690 3106 sur
1705 3085 1739 3106 ce
1753 3076 1860 3106 serrons
1875 3084 1943 3112 requ
1963 3084 1990 3111 s,
2008 3081 2088 3117 toute
2102 3072 2218 3116 fraude,
2236 3072 2308 3103 male
2321 3082 2373 3103 en-

1304 3122 1395 3152 gvne,
1414 3114 1569 3152 difficulte,
1587 3113 1774 3153 oppoficion‚
1789 3115 1822 3146 δε
1837 3121 1916 3145 toute
1959 3111 2154 3144 ontradustion
2166 3113 2199 3144 δε
2214 3111 2293 3151 delay
2311 3120 2373 3142 ces-

1306 3153 1392 3183 santz.

1289 3247 1295 3251 -
1348 3229 1431 3260 Don.
1450 3239 1499 3267 par
1520 3229 1749 3269 Tesmoignance
1768 3228 1803 3260 de
1826 3228 1921 3260 nostre
1941 3227 2060 3260 Grande
2074 3226 2154 3266 Seel,
2171 3236 2187 3258 a
2200 3225 2297 3258 nostre
2317 3227 2372 3258 Pa-

1305 3267 1362 3306 leys
1375 3268 1410 3298 de
1428 3267 1534 3308 Wstm.
1554 3268 1581 3299 le
1593 3277 1637 3299 xv.
1653 3269 1720 3306 jour
1735 3268 1772 3298 de
1782 3268 1863 3309 Juyl,
1879 3268 1944 3298 l'An
1969 3266 2006 3298 de
2028 3266 2126 3298 Grace
2148 3265 2251 3310 Mille,
2267 3265 2371 3296 Trois-

1459 3308 1630 3346 uatervintz,
1646 3308 1681 3340 δε
1698 3308 1825 3347 Qane,
1840 3307 1873 3339 ὃς
1888 3306 1924 3338 de
1940 3306 2038 3337 nostre
2052 3304 2159 3344 Regne
2171 3304 2319 3343 Sepnsme.

1865 3386 1924 3414 Par
1935 3383 1958 3414 le
1973 3386 2023 3414 Roi
2038 3381 2076 3417 ό
2083 3380 2135 3422 fim
2148 3379 2260 3420 Conftil.

1305 3315 1388 3337 centz
1398 3331 1407 3345 ,

204 3423 284 3453 riensi
297 3424 476 3464 Humatum,
493 3427 530 3457 de
543 3426 673 3457 Denariis
689 3427 792 3459 nostris
807 3428 953 3460 Renovari
972 3429 1093 3468 faciatis,
1108 3430 1268 3466 prouthac-
1309 3472 1322 3475 β
1334 3472 1342 3475 -

59 3469 86 3491 Β,
112 3476 137 3493 2.
152 3476 190 3495 m.
205 3470 286 3493 tenus
300 3462 358 3493 fieri
375 3465 529 3497 consuevit.

59 3512 105 3539 ,Ἶ-
240 3538 332 3571 Teste
347 3540 429 3581 Rege
445 3543 518 3581 apud
531 3542 806 3583 [visimus-sterium,
826 3544 1003 3576 duodecimo
1017 3544 1147 3584 dieJulii.

260 3683 308 3714 De
329 3681 481 3717 Conduffn
494 3709 503 3726 ,
524 3695 579 3730 pro
595 3683 856 3731 Ambafflztoribus
875 3689 1025 3730 Franciae,
1049 3699 1119 3721 cum
1139 3698 1208 3733 700

511 3732 645 3777 Personis
661 3737 693 3765 in
710 3735 864 3767 Comitiva
873 3736 945 3780 fixa.

58 3813 193 3882 AlmrgD.
206 3813 287 3874 LE
299 3816 363 3883 go
374 3827 386 3848 1
402 3828 417 3848 a
431 3825 502 3849 touz
518 3826 578 3849 noz
592 3818 797 3858 Lieutcnantz‚
816 3819 878 3851 &c.
895 3821 988 3853 Saluz.

59 3862 115 3920 Aa}
132 3862 167 3921 {¹⁵
244 3865 519 3934 Pur‘lffffifex’rerence
533 3894 569 3925 de
583 3894 679 3934 Dieu,
697 3896 731 3927 &
744 3906 797 3936 pur
819 3897 901 3928 eschu
921 3909 951 3929 er
975 3898 1116 3931 l’effufion
1137 3897 1174 3929 de
1191 3897 1266 3929 Sanc

60 3934 92 3957 R.
114 3940 140 3958 2.
207 3927 367 3966 Christien,
383 3931 416 3960 &
431 3942 445 3961 a
459 3932 484 3962 la
498 3932 594 3963 Pricre
607 3935 640 3965 &
653 3934 782 3973 Request
796 3934 832 3966 de
847 3908 967 3974 plusiiurs
980 3939 1014 3970 &
1033 3937 1177 3969 Notables
1196 3936 1266 3968 Par-

61 3970 147 3997 Feanc,
166 3969 194 3998 8.
206 3966 287 3996 sones
299 3966 335 3996 de
349 3967 441 3999 Grant
456 3969 551 4008 Estat,

60 4008 88 4032 R.
111 4015 136 4035 2.
156 4017 175 4036 n
185 4028 193 4036 ,
243 4003 345 4049 Soions
360 4007 488 4036 enclinez
502 4008 623 4042 d'entrer
637 4020 674 4042 en
690 4010 798 4045 Tretee
810 4010 847 4044 de
858 4012 935 4046 bone
950 4014 1019 4049 Paix
1032 4014 1158 4056 ovesque
1169 4013 1266 4048 nostre

60 4051 106 4075 27.
205 4041 370 4076 Adversaire
383 4044 417 4076 de
433 4044 552 4085 France,

1303 3527 1352 3558 De
1370 3526 1429 3558 Con
1444 3524 1617 3566 ‘›·matione,
1630 3525 1722 3570 fhper
1741 3522 1982 3569 comprehensione
1997 3522 2184 3568 Adverfizrii
2201 3520 2236 3556 de
2253 3523 2366 3562 Scatia,

1660 3576 1691 3604 in
1708 3575 1833 3619 Treugis
1852 3574 1995 3606 Franciae.

1300 3669 1383 3730 LE
1401 3669 1430 3700 R
1440 3679 1460 3700 0
1471 3678 1490 3699 Y
1500 3693 1510 3707 ,
1528 3669 1589 3701 &c
1607 3678 1624 3699 a
1644 3676 1715 3700 touz
1736 3677 1825 3708 ceuir,
1844 3669 1894 3707 qui
1915 3667 2004 3700 cestes
2023 3666 2162 3706 presentes
2173 3663 2283 3695 Lettres
2303 3674 2368 3696 ver·

1380 3717 1446 3739 ront
1456 3733 1463 3745 ,
1483 3707 1588 3739 Salutz.

1338 3746 1503 3777 Sav01R
1522 3755 1624 3777 vous
1642 3754 1818 3776 Fatsons
1837 3753 1938 3784 Qun,

1337 3783 1436 3815 Come
1449 3794 1484 3815 au
1499 3785 1617 3823 Triete,

2389 3679 2465 3711 Ann.
2474 3679 2515 3711 D.

2405 3720 2492 3757 1384.

2381 3761 2435 3785 Au.
2450 3758 2476 3784 δ’,

2382 3800 2412 3823 R.
2433 3806 2460 3822 2.

1338 3822 1385 3853 Eu
1404 3822 1554 3862 n'adgairs,
1569 3831 1649 3854 entre
1669 3832 1730 3854 noz
1743 3820 1944 3853 Commissairs
1963 3822 1997 3852 &
2009 3819 2137 3856 Deputes
2152 3819 2185 3850 δε
2210 3817 2248 3848 les
2268 3818 2367 3863 Corn-
2380 3836 2446 3862 Scor.
2466 3833 2493 3862 g,
2512 3834 2515 3837 ·

1301 3862 1419 3892 missairs
1437 3861 1472 3893 δε
1493 3860 1624 3900 Deputes
1644 3860 1681 3892 de
1703 3860 1792 3902 nostre
1809 3859 1983 3899 Adversaire
2003 3858 2036 3887 de
2049 3857 2246 3895 Fran:e‚1eez
2267 3857 2368 3888 Boloi-
2379 3876 2488 3900 Ram.

1303 3909 1390 3968 guleD’e
1402 3938 1538 3968 certeines
1551 3936 1672 3970 Trieues
1685 3939 1719 3970 &
1734 3937 1922 3969 Abstinences
1934 3933 1971 3965 de
1985 3931 2113 3973 Guerre,
2123 3932 2273 3978 ,accordez
2287 3940 2367 3964 entre

1302 3976 1393 4006 Nous
1409 3977 1444 4007 &
1466 3975 1562 4007 nostre
1582 3975 1624 4007 dit
1647 3976 1812 4007 Adversaire
1825 3975 1918 4013 jusqes
1941 3982 1976 4003 au
1995 3973 2101 4012 primer
2116 3983 2183 4012 Jour
2203 3971 2369 4003 d’OQObre

1302 4015 1444 4054 prochein
1459 4024 1474 4044 a
1489 4015 1568 4044 venir
1582 4014 1609 4045 le
1624 4014 1710 4045 Solail
1723 4015 1834 4050 levant,

1345 4051 1446 4084 Parlez
1467 4053 1502 4086 δε
1517 4052 1672 4089 Accordez.
1691 4051 1765 4086 feust
1786 4060 1843 4091 (ΝΕ
1857 4048 1942 4090 ''2¹²'‘
1954 4047 2130 4090 Adverffire
2148 4047 2273 4089 ‘afim
2280 4046 2376 4117 '142ss

2384 3918 2428 3937 11.
