2561 4251
767 157 878 198 ET
962 156 1219 200 ACTA
1303 157 1772 208 PUBLICA.

25 247 100 278 Anti.
117 243 156 273 D.
176 245 296 283 Surriae,
316 246 348 276 ὃς
364 251 394 274 ut
409 242 463 280 ipse
478 241 618 272 Officium
640 243 807 279 praedifftum
827 244 970 274 decentius
991 245 1024 275 δε
1045 245 1237 277 honorificen-

50 283 135 324 1398.
177 285 229 314 tius
246 283 281 313 de
298 292 402 312 caetero
417 282 507 311 facere
522 282 608 311 valeat
622 282 655 313 &
671 293 838 320 excercere,
858 282 1076 322 Conceffimus,
1096 294 1147 321 pro
1167 285 1237 314 Noa

2266 179 2345 228 147'

1276 237 1407 284 suoi-um,
1426 249 1510 286 quarn
1526 260 1574 287 per
1588 250 1653 280 alios
1669 250 1734 281 Vias
1755 253 1788 283 δε
1810 251 1933 292 Modos,
1950 255 2050 293 quibus
2072 256 2184 295 melius,
2200 259 2272 295 juxta
2294 260 2332 290 sa-
2347 259 2421 290 Ann.
2438 250 2480 290 fi.

25 325 75 352 Ric.
95 331 122 348 2.

33 1037 107 1071 Ann.
121 1037 161 1068 D.

53 1078 136 1117 1398.

31 1201 86 1221 See:
118 1203 163 1222 22.

31 1238 163 1267 F.³.m.9.

43 2562 60 2581 ⁴
74 2562 157 2591 VIII.

42 2623 120 2669 Ann.
136 2637 177 2669 D.

64 2677 150 2716 1398.

42 2720 95 2745 An.
114 2726 158 2744 22.

41 2778 106 2821 tbi-11.
115 2776 121 2784 ”

43 2842 79 2860 m.
97 2841 111 2867 7
117 2854 123 2860 .

179 323 220 351 bis
234 322 262 351 δι
283 320 451 350 Haeredibus
466 319 583 356 nosti-is,
601 321 692 350 eidem
710 320 790 351 Duci
811 321 913 351 Surriae
937 321 1018 358 quod
1040 322 1112 361 ipse,
1132 324 1237 352 ratione

178 359 282 390 Officii
299 360 337 388 sui
357 358 503 395 praedieii,
523 359 639 397 habeat,
658 367 752 397 gerat,
771 360 804 389 ἅ-
827 359 946 395 deferat,
965 360 1023 388 tam
1045 361 1073 389 in
1091 359 1236 391 Praesentia

176 398 269 428 nostra
283 419 291 434 ,
315 399 347 428 &c
373 397 529 426 Heredum
553 396 716 427 nostrorum
733 420 741 435 ,
767 399 852 435 quam
874 400 903 426 in
924 398 1044 427 absentia
1066 398 1160 428 nostra
1174 422 1182 437 ,
1203 400 1236 429 «sc

176 436 335 466 Heredum
353 435 535 473 nostrorum,
553 434 692 471 quendam
706 435 843 466 Baculum
868 436 1013 473 Aureum,
1029 436 1105 466 circa
1128 447 1238 467 utrum-

177 485 233 512 que
248 474 346 503 Finem
363 473 398 503 de
414 475 494 512 nigro
507 474 695 511 aunellatum,
715 474 747 504 δε
760 484 828 503 cum
844 474 932 512 Signo
947 474 1101 504 Armorum
1125 475 1239 505 nostro-

177 523 260 546 rum,
276 513 303 541 in
325 512 458 549 superiori
482 512 551 541 Fine
572 512 639 541 dieii
660 511 769 549 Baculi,
788 513 820 542 ὃς
838 522 906 542 cum
918 511 1007 550 Signo
1024 512 1181 544 Armorum
1197 515 1239 551 ip—

179 552 231 581 fius
244 550 335 580 Ducis
350 551 469 587 Surriae,
489 551 516 579 in
529 550 652 579 inferiori
667 550 735 579 Fine
752 550 873 588 ejusdem
889 549 1002 588 Baculi,
1019 560 1238 588 ornatum;non

180 589 310 619 obstante
326 589 405 626 quod
423 589 528 625 praefati
544 598 631 623 nuper
639 587 842 625 Comites,aut
855 588 951 626 aliquis
966 588 1048 626 alius,
1067 591 1116 628 qui
1127 590 1239 620 dietum

179 627 322 658 Officium
341 626 495 657 inarescant
515 626 643 663 Angliae,
659 634 723 656 ante
745 627 808 656 haec
829 634 975 665 tempora,
993 627 1168 666 habuerunt,
1188 628 1241 660 Ba-

180 666 279 697 culum
299 666 437 704 Ligneum
452 673 564 701 portare
578 663 623 694 seu
637 664 744 694 deferre
757 665 971 696 consueverunt.

220 704 253 734 In
272 705 350 741 cujus
385 704 445 734 &c.

253 742 343 773 Teste
357 727 439 780 kege
450 739 523 779 apud
538 744 672 771 coventre
681 764 690 779 ,
705 742 760 780 xvij
775 741 823 772 die
837 742 1020 782 Septembris.

862 820 915 847 Per
931 816 1013 856 ipsum
1027 820 1130 856 Regem.

458 946 506 977 De
525 943 751 987 Con-firmatione
765 944 966 990 Treugarmn.

183 1032 301 1088 REX
318 1030 482 1068 Omnibus,
501 1028 537 1059 ad
553 1038 640 1066 quos,
656 1029 716 1059 δεῖ.
736 1027 870 1059 Salutem.

279 1071 324 1101 IN
334 1079 345 1099 s
354 1078 372 1099 P
384 1078 402 1099 E.
411 1077 429 1097 x
439 1077 450 1098 1
460 1076 486 1097 M
495 1077 516 1097 u
528 1077 540 1097 s
559 1067 671 1097 alteram
688 1075 795 1104 partem
810 1065 952 1102 cuiusdam
969 1066 1131 1101 indenturae
1140 1093 1149 1108 ‚

219 1107 295 1139 Inter
315 1107 472 1146 Johannem
494 1109 594 1135 Ducem
615 1104 784 1144 Lancastriae
818 1103 1066 1146 Johannem'Epr'fi
1071 1118 1143 1147 opum
1158 1108 1245 1148 «ἤφι-

180 1146 304 1186 vensem,
321 1146 448 1176 Thomam
462 1148 589 1174 Comitem
605 1145 752 1181 Wrgorniae
761 1166 771 1181 ,
785 1130 819 1174 ἐξ
837 1144 1013 1175 {Villielmum
1026 1150 1152 1176 Comitem
1169 1147 1247 1178 Wil-

181 1186 269 1226 tefiae,
286 1187 318 1216 ὃ(
341 1185 408 1214 alios
432 1182 649 1213 Commissarios
669 1183 701 1212 &
717 1181 876 1219 Depuratos
891 1183 1017 1221 nostros,
1036 1195 1070 1215 ex
1085 1196 1138 1215 una
1154 1196 1245 1225 parte,

183 1226 215 1256 ὃς
231 1225 335 1254 David
345 1222 571 1261 Primogenitum
588 1218 756 1258 Adveiflzrii
767 1218 849 1260 nostri
861 1224 954 1250 Scotiae
968 1221 1116 1253 Comitem
1130 1223 1166 1255 de
1175 1224 1246 1255 Car-

184 1263 234 1302 ryk
250 1287 259 1301 ,
292 1261 437 1292 Robertum
460 1260 586 1290 Fratrem
607 1258 729 1297 ejusdem
751 1258 908 1289 Adversarii
928 1260 1017 1290 nostri
1037 1261 1188 1292 Comitem
1211 1263 1247 1293 de

183 1302 253 1341 Fyf,
275 1301 426 1331 Walterum
441 1296 595 1338 Epifiopum
610 1298 703 1327 Sanc‘li
717 1296 857 1335 Andreae,
876 1299 910 1328 δε
926 1300 1030 1328 David
1051 1302 1196 1330 Dominum
1214 1302 1246 1331 de

184 1341 349 1382 Lyndeseye,
365 1340 397 1369 ὃ(
412 1338 479 1368 alios
494 1335 712 1379 Commiffarios
726 1336 759 1366 &
774 1335 933 1372 Deputatos
948 1337 1076 1377 praediffl
1089 1339 1246 1371 Adversarii

184 1379 292 1417 nostri,
311 1387 345 1409 ex
359 1385 434 1415 parte
448 1376 548 1413 altera,
566 1374 648 1405 faetae
662 1384 690 1404 in
703 1374 767 1404 haec
779 1374 879 1412 verba,

222 1456 361 1487 Casu
383 1453 682 1490 ENDENTURE,

222 1495 316 1531 Faue,
334 1505 348 1523 a
370 1491 618 1528 Hiwedenstank,
636 1491 663 1520 le
682 1491 731 1520 xvi
745 1489 818 1528 Jour
839 1488 874 1520 de
894 1489 997 1529 Marz,
1016 1490 1081 1522 l'An
1095 1491 1132 1521 du
1149 1491 1247 1522 Gracc

186 1533 271 1564 Mille
308 1533 338 1562 T
340 1531 500 1569 roiscentz,
518 1530 642 1568 Qiatrev
669 1530 762 1560 ntz&
783 1528 839 1565 xvij
862 1538 988 1565 parentre
1007 1529 1102 1566 Johan
1127 1530 1188 1559 Filz
1209 1530 1248 1560 du

186 1572 256 1610 Roy
273 1556 483 1607 cl'Engleterre,
502 1568 571 1598 Duc
584 1567 619 1596 de
636 1538 760 1605 guyene
773 1566 806 1596 ὃς
822 1565 857 1596 de
871 1566 1038 1605 Lancastre,
1051 1568 1146 1607 Johan
1159 1568 1248 1598 Eves-

209 1620 243 1640 ue
261 1609 296 1639 de
320 1609 397 1639 Seint
423 1607 533 1644 Asaph,
551 1605 681 1635 Thomas
695 1604 795 1634 Conte
807 1603 842 1633 de
862 1605 905 1634 W
907 1604 1051 1644 yncestre,
1069 1608 1103 1638 &
1118 1606 1247 1637 William

183 1619 285 1679 &onte
304 1647 340 1677 de
360 1645 469 1676 VViltes.
489 1646 522 1675 ὅ(
544 1652 633 1673 autres
654 1642 797 1682 Commys
819 1643 852 1673 &
868 1643 1002 1680 Deputez
1013 1644 1058 1675 del
1073 1644 1193 1676 treshaut
1214 1646 1248 1677 &

186 1687 305 1725 puiffant
320 1685 421 1714 Prince
437 1683 463 1712 le
476 1682 544 1719 Roy
558 1681 631 1711 d'En
653 1681 751 1711 leterre
768 1682 801 1712 &
816 1680 852 1710 de
874 1681 996 1719 France,
1016 1683 1100 1713 d’une
1121 1691 1193 1721 part,
1212 1685 1247 1716 &

186 1724 285 1756 David
300 1723 373 1753 eisne
389 1722 410 1752 F
413 1722 451 1751 ilz
464 1721 501 1750 du
517 1720 586 1757 Roy
602 1720 628 1749 d’
642 1721 739 1749 ⁴scoce
754 1718 851 1750 Conte
863 1719 899 1750 de
914 1719 1029 1759 Carrik,
1050 1720 1164 1752 Robert
1175 1723 1249 1753 frere

186 1764 226 1795 du
242 1759 311 1801 Roy
324 1761 422 1791 Conte
436 1759 472 1790 de
489 1758 552 1796 Fif,
566 1758 685 1788 Wauter
700 1757 829 1795 Evesque
842 1757 878 1788 de
893 1756 971 1789 Seint
985 1759 1125 1798 Andrew,
1140 1761 1173 1791 &
1188 1761 1249 1791 Da-

189 1801 238 1834 vid
252 1801 313 1831 Sire
326 1800 360 1830 de
378 1797 556 1836 Lyndeseye‚
573 1797 606 1827 &
620 1806 710 1827 autres
724 1794 868 1835 Commys
881 1796 1055 1837 &Deputez
1067 1798 1113 1830 del
1125 1799 1249 1831 tressiaut

186 1842 222 1873 ὃς
237 1838 358 1878 puiil'ant
370 1836 475 1867 Prince
489 1837 514 1866 le
528 1834 597 1873 Roy
614 1834 771 1872 d'Escoce,
788 1834 892 1865 d'autre
905 1844 981 1873 part,

224 1879 255 1909 T
267 1887 284 1907 E
296 1886 307 1907 s
317 1885 345 1907 M
354 1886 373 1905 o
382 1885 393 1905 r
404 1885 426 1905 G
435 1883 456 1904 N
469 1883 486 1903 E
502 1884 557 1912 que
569 1873 606 1904 les
619 1874 678 1904 ditz
687 1872 831 1911 Commys
847 1875 880 1904 &
895 1873 1029 1912 Deputez
1040 1874 1079 1906 du
1086 1875 1156 1916 Roy
1162 1875 1251 1907 d'En-

192 1917 332 1955 glererre,
349 1915 382 1945 &
402 1914 438 1944 de
461 1913 583 1950 Franco,
604 1921 656 1942 ont
675 1911 724 1942 fait
744 1911 816 1941 leurs
837 1911 986 1952 Deputez,
1003 1912 1063 1949 &c.
1075 1921 1158 1953 prout
1164 1913 1252 1955 fiaepra

191 1956 224 1986 de
238 1958 310 1986 Dat.
331 1953 366 1983 16
380 1955 472 1982 Mart.
491 1948 571 1991 uffiue
586 1949 641 1980 haec
654 1949 741 1980 verba
747 1960 758 1988 ,-
778 1952 839 1981 viz.

229 2030 316 2069 Nos,
333 2038 446 2067 autem,
464 2030 593 2069 Treugas
615 2026 777 2067 praedictas,
794 2038 827 2059 ac
848 2026 945 2059 omnia
967 2031 1000 2061 ὅ(
1014 2028 1118 2069 fingula
1133 2032 1161 2062 in
1176 2031 1252 2063 dieta

190 2070 342 2102 Indentura
355 2076 507 2108 contenta,
525 2068 599 2098 Rata
614 2066 745 2098 habentes
759 2069 793 2099 ὃς
805 2067 911 2106 Grata,
929 2068 989 2107 Ea,
1008 2079 1062 2107 pro
1082 2069 1198 2108 Nobis,
1217 2071 1251 2102 ὃς

189 2107 361 2140 Haeredibus
375 2107 476 2137 nostris
492 2115 632 2144 quantum
648 2106 677 2135 in
693 2107 775 2136 nobis
796 2106 855 2143 est,
872 2107 1080 2146 Acceptamus,
1100 2108 1252 2146 Approba-

190 2157 271 2185 mus,
295 2147 347 2184 &,
370 2146 487 2177 Tenore
504 2145 687 2175 Praesentium
703 2167 712 2182 ,
735 2144 820 2182 usque
845 2144 961 2175 Festum
982 2145 1079 2176 Saneti
1100 2146 1252 2178 Michaelis

193 2185 284 2223 (quod
299 2186 351 2214 erit
367 2185 454 2215 Anno
468 2183 592 2214 Domini
614 2182 787 2221 Millefimo,
805 2183 1032 2221 Tricentesirno,
1049 2184 1253 2223 Nonagefimo

191 2223 301 2259 Nono)
319 2222 515 2253 Concedit-nus
530 2224 563 2253 δε
577 2219 808 2261 Confirmamus,
822 2229 907 2260 prout
921 2221 1130 2254 INDENTURA
1152 2225 1253 2264 praedi-

190 2264 236 2294 eta
251 2262 445 2292 rationabiliter
460 2261 578 2292 testatur.

227 2337 314 2370 Teste
329 2338 412 2378 Rege
425 2338 500 2377 apud
514 2335 668 2378 Leynjhe,
684 2338 820 2370 vicesimo
835 2334 959 2370 secundo
973 2338 1020 2370 die
1033 2339 1213 2378 Septembris.

858 2418 912 2446 Per
924 2415 1005 2456 ipficm
1018 2419 1123 2456 Regem.

420 2549 423 2551 ’
448 2549 474 2576 ⁹ss
501 2551 549 2582 De
568 2547 767 2596 Attemptatis
785 2548 1005 2595 Rcfhrmandis.

201 2635 335 2693 REX,
360 2635 482 2666 Dileetis
500 2635 533 2665 ὃς
557 2633 699 2664 Fidelibus
718 2633 784 2672 suis,
809 2634 938 2672 Johanni
959 2635 1057 2676 Buff),
1083 2638 1118 2669 δε
1140 2640 1257 2669 Henrico

276 2677 365 2704 Grene
389 2673 546 2711 Militibus,
563 2682 597 2702 ac
622 2672 766 2710 Magistro
783 2673 930 2704 Willielmo
943 2675 975 2704 de
988 2675 1103 2715 Ferryby
1123 2676 1257 2717 Clerico‚

196 2712 229 2743 &
245 2715 398 2743 Laurentio
413 2715 476 2741 Dru
495 2712 646 2750 Armigero
658 2733 668 2749 ,
687 2711 821 2742 Salutem.

229 2753 328 2782 bciitis
343 2751 423 2788 quod
440 2750 508 2780 Nos
764 2782 768 2785 ,

232 2789 281 2820 De
294 2789 437 2819 Fidelitate
450 2790 482 2819 ὃς
500 2772 766 2825 ἐῐτςυῐῃΐρεᾶίοηε
781 2788 878 2819 vestris
893 2790 1002 2828 plenius
1015 2791 1203 2831 confidentes,

236 2828 442 2867 Affignavimus
454 2836 523 2864 vos,
542 2826 633 2864 Tres,
652 2826 684 2856 &
700 2826 784 2856 Duos
797 2827 925 2858 vestrum
938 2829 972 2859 ad
984 2832 1082 2861 omnia
1097 2832 1130 2862 ὃς
1150 2831 1258 2869 fingula

198 2866 388 2904 Attemptata,
408 2864 621 2902 tviesprisiones,
639 2865 672 2895 δε
697 2863 871 2904 Malefaeia,
886 2876 986 2898 contra
1008 2869 1142 2900 Formam
1162 2870 1258 2901 Treu-

196 2914 315 2973 garant),
329 2944 407 2980 Nos,
423 2944 457 2974 &
472 2940 678 2986 Adverfhrifcm
693 2941 961 2987 nostruniFranciae,
979 2954 1093 2977 necnon
1109 2935 1259 2987 Adversass

197 2985 268 3012 rium
287 2985 403 3026 Scatiae,
418 2988 552 3020 tanquam
572 2982 641 3013 dicti
662 2980 818 3012 Adversarii
837 2983 926 3014 nostri
952 2984 1078 3016 Franciae
1091 2985 1259 3027 Alligatum,

195 3030 287 3057 nuper
301 3029 429 3050 initarum

234 3059 289 3088 Per
310 3043 449 3089 Subditos’
468 3059 501 3090 &
524 3058 629 3097 Ligeos
649 3057 777 3096 nostrOS,
796 3060 854 3089 tam
876 3059 1056 3100 Officiarios,
1074 3062 1161 3101 quam
1175 3063 1260 3103 alios,

197 3098 258 3127 tam
279 3096 357 3134 supra
380 3096 479 3135 Mare,
499 3098 587 3134 quam
612 3098 640 3126 in
663 3095 802 3127 Marchiis
823 3097 870 3128 Re
890 3100 918 3128 ni
941 3099 1029 3129 nostri
1043 3100 1154 3132 Anuliae
1169 3103 1261 3134 versus

197 3144 287 3173 partes
308 3135 432 3172 Scotiae,
449 3135 573 3166 Subditis
594 3135 628 3167 ὅ(
649 3134 745 3173 Ligeis
765 3136 846 3174 ipsius
894 3137 1023 3168 dversarii
1042 3125 1131 3170 noffri
1155 3140 1261 3172 Scotiae

197 3173 273 3204 faeta
286 3173 319 3203 ὅ(
335 3181 504 3210 perpetrata,

233 3210 318 3249 JuXta
329 3210 465 3240 Formam
478 3210 784 3251 INDENTURARUM,
798 3214 869 3245 inter
883 3214 995 3245 nostros
1010 3225 1043 3246 ac
1056 3216 1136 3254 ipsius
1150 3216 1262 3249 Adver-

199 3250 258 3281 sarii
272 3248 362 3279 nostri
375 3248 479 3279 Scotiae
493 3247 727 3287 commissarios,
743 3252 817 3288 apud
832 3252 1082 3294 Howdenestank,
1099 3256 1262 3289 sextodeci-

201 3298 255 3319 mo
269 3287 328 3317 Die
345 3285 458 3324 Martii,
474 3287 607 3324 proximo
623 3289 784 3326 praeterito,
801 3290 955 3330 factarum,

238 3326 284 3356 Ac
306 3325 393 3362 Vim,
411 3324 564 3362 Formam,
579 3325 612 3355 ἃ
635 3324 783 3356 Effeetum
806 3327 985 3365 Treugarum
999 3332 1214 3372 pi-aedietarum,
1232 3345 1261 3364 a-

202 3364 260 3403 pud
279 3363 389 3394 dietum
411 3362 525 3393 Locum
548 3362 584 3393 de
600 3362 852 3406 prdenestank,
870 3366 1016 3399 Vicefimo
1031 3369 1129 3402 Primo
1142 3372 1202 3402 Die
1217 3373 1261 3402 O—

201 3403 310 3434 &obris
330 3402 465 3442 proximo
489 3402 603 3440 futuro,
622 3404 677 3431 {ive
697 3402 731 3432 ad
751 3403 836 3442 alios,
855 3414 904 3442 per
918 3416 987 3444 vos,
1005 3407 1095 3447 Tres,
1114 3410 1158 3441 vel
1177 3410 1261 3442 Duos

201 3439 330 3473 vestrfim
340 3463 350 3478 ,
370 3441 399 3469 in
413 3440 465 3471 hac
480 3449 574 3478 parte,
593 3439 779 3479 praefigendos
794 3442 851 3472 sive
864 3445 1085 3485 continuandos,

237 3477 488 3516 Reformandum,
506 3478 726 3517 Reparandum,
744 3481 777 3511 &
790 3480 1028 3522 Emendandurn,

239 3517 276 3547 Et
288 3517 321 3547 ad
335 3516 513 3547 consimilem
526 3515 775 3548 Reformationem
785 3542 794 3557 ,
809 3519 1048 3560 Reparationem,
1067 3523 1100 3554 &
1122 3524 1261 3556 Emenda-

202 3557 312 3587 tionem
324 3578 333 3592 ,
351 3565 403 3591 pro
418 3555 512 3597 Ligeis
525 3555 557 3584 &
572 3555 695 3586 Subditis
708 3557 829 3595 nostris,
844 3559 880 3589 de
893 3561 1118 3599 quibuscumque
1131 3564 1263 3602 Attemp-

204 3596 281 3632 tatis,
299 3593 548 3637 Mespriiio'nibuS,
564 3594 598 3624 &
615 3593 792 3638 Malefatstis,
810 3597 860 3627 sibi
875 3607 924 3635 per
945 3598 1079 3629 Subditos
1098 3603 1132 3632 &
1155 3601 1262 3640 Ligeos

204 3633 303 3703 {ii-⁶3<
310 3631 1000 3706 Adessississssssis”ffiffi‘tssnffiffffiaer'essissenciffic³³22?ss
1017 3640 1106 3706 ἓυὲὲῃ
1120 3639 1205 3679 ³¹³⁰⁵'
1223 3642 1263 3672 ἡ·

238 3683 279 3740 Llit
294 3680 414 3746 mii-titius
427 3693 548 3745 plen’arie
557 3682 949 3753 justitiae'aniDpiemffii'im
960 3736 969 3751 ,
981 3686 1206 3752 jSXthFgl‘nrriam
1216 3717 1263 3748 In-

204 3748 385 3779 dentum-im
406 3748 439 3777 &
461 3747 641 3785 Treugarum
660 3747 818 3786 hujusmodi
833 3771 843 3788 ,
862 3752 890 3780 in
911 3752 965 3782 hac
986 3762 1062 3790 parte
1074 3777 1084 3792 ,
1102 3754 1264 3787 faciendum

205 3787 239 3816 ὃς
252 3786 459 3821 exhibendum,
893 3818 895 3820 .

242 3823 280 3854 Et
295 3825 329 3854 ad
342 3833 441 3854 ornnes
456 3825 489 3855 Sc
505 3823 645 3862 fingulos,
663 3824 797 3856 Subditos
811 3826 843 3857 ὅ(
861 3826 966 3863 Ligeos
986 3829 1116 3869 nostros,
1133 3831 1192 3861 tam
1207 3831 1265 3864 Of-

206 3862 324 3903 ficiarios
339 3885 348 3900 ,
374 3863 460 3900 quam
484 3863 549 3892 alios
566 3884 575 3899 ‚
601 3872 673 3899 quos
701 3864 861 3894 inveneritis
892 3866 1050 3904 hujusmodi
1069 3870 1240 3908 Atternptata

208 3899 422 3938 Mefprifiones,
438 3901 470 3931 δε
493 3900 642 3943 Μᾳίείῑεόὶη
662 3901 784 3931 Subditis
806 3903 839 3932 &
861 3902 953 3942 Ligeis
967 3906 1093 3942 praeditsti
1109 3895 1266 3941 Adversarii

208 3938 296 3967 nosti-i
321 3937 426 3968 Scoiiae
447 3939 542 3969 fecisie
558 3963 566 3976 ,
592 3942 647 3968 live
668 3941 834 3976 perpetrasse
851 3963 860 3978 ,
886 3942 920 3972 ad
944 3943 1041 3974 eadem
1066 3945 1240 3983 Attemptata
1255 3971 1266 3987 ,

209 3976 425 4014 Mesprisiones,
444 3978 476 4007 &
492 3977 658 4011 Ixslaiefasta,
680 3977 923 4017 Reormandum,
944 3981 1160 4022 Reparandum,
1178 3987 1211 4016 ὃς
1225 3986 1265 4016 E-

210 4013 420 4052 insudandum,
434 4016 510 4052 juxta
534 4015 620 4053 Vim,
646 4014 799 4054 Formam,
826 4018 858 4046 tt<
881 4017 1028 4050 Effectum
1051 4019 1266 4054 Indenturarum

211 4053 244 4084 ὃς
267 4051 449 4122 Tareugaplipi
459 4054 677 4122 {exicii-etatum,
695 4055 752 4086 tarn
766 4065 815 4094 per
828 4054 1085 4091 Incarcerationem
1097 4060 1265 4101 Corporum

307 4101 357 4122 om.
432 4112 439 4120 a
485 4115 492 4122 .
552 4115 559 4123 -

1279 292 1326 316 nas
1342 285 1532 317 Discretiones
1547 289 1666 326 vestras,
1686 289 1816 320 sciveritis
1831 292 1875 321 vel
1890 295 2030 332 poteriris,
2048 296 2296 335 compellendm,

1280 371 1347 391 cum
1364 361 1431 406 Det}
1445 364 1511 393 tratis
1525 365 1558 395 ἃ
1575 364 1782 408 Commissariis
1794 366 1862 397 dieti
1876 368 2033 400 Adversarii
2049 372 2136 402 nostri
2151 372 2271 411 Scotiae,
2290 374 2333 404 su-

1281 410 1329 439 per
1343 400 1437 437 aliquo
1453 411 1532 432 certo
1547 403 1621 441 Die,

1318 438 1445 476 Qando
1462 439 1670 471 Ambassatores
1685 441 1718 472 ὃς
1735 440 1954 475 Commiffirios
1975 447 2054 483 ipsius
2074 441 2228 479 Adversarii
2247 449 2336 480 nostri

1278 476 1402 513 Scotiae,
1420 487 1504 514 penes
1517 478 1666 509 Personam
1683 479 1824 518 nostram,

1321 515 1365 544 Ad
1382 515 1595 547 Sacramentum
1611 517 1758 560 nostrum,
1773 519 1851 561 quod
1869 520 1935 550 Nos
1948 520 2105 559 hujusmodi
2122 525 2266 564 Treugas,
2287 528 2336 564 per

1279 552 1366 589 Nos,
1384 554 1469 591 usque
1485 555 1600 584 Festum
1616 555 1710 586 Sancti
1735 555 1883 587 Michaelis
1899 561 2032 596 proximo
2047 561 2172 592 futurum
2188 565 2337 603 duraturas,

1282 590 1490 634 ConfirmataS,
1508 603 1561 631 pro
1576 602 1651 631 parte
1664 593 1757 624 nostra
1771 593 1930 627 tenebimus
1941 608 1973 628 ac
1989 601 2075 628 teneri
2090 601 2122 631 &
2136 602 2276 633 observari
2296 604 2338 634 fa-

1281 640 1404 667 ciemuS,

1317 668 1590 714 'Ambasliatoresque
1601 671 1634 701 &
1648 668 1841 714 Commissarii
1857 672 1944 703 nostri
1959 685 2042 712 penes
2056 675 2206 708 Personam
2234 680 2337 717 praedi·

1283 706 1322 737 ἂι
1335 707 1490 737 Adversarii
1504 708 1592 738 nostri
1606 709 1730 746 Scotiae,

1318 745 1362 774 Ad
1377 744 1589 777 Sacramentum
1602 745 1700 784 suum,
1720 747 1798 784 quod
1814 748 1869 787 ipse
1881 749 2008 789 Ti'eugas
2023 752 2095 792 illas,
2112 764 2167 792 pro
2183 763 2261 793 parte
2275 756 2336 795 sua,

1281 784 1389 814 tenebit
1401 793 1432 814 ac
1449 786 1581 816 teneri&
1597 784 1736 815 observari
1753 786 1853 825 faciet,
1871 789 2059 829 capiendum,

1322 820 1427 852 Venire
1442 822 1646 866 sivelaccedere
1660 822 1782 862 poffint,

1320 859 1372 897 Et,
1391 860 1409 890 si
1433 870 1579 900 contingat
1601 862 1701 897 aliquas
1724 863 1956 902 materias,vinter
1975 864 2051 903 Vos,
2076 867 2165 906 Tres,
2186 869 2232 900 vel
2254 869 2339 901 Duos

1281 897 1426 936 vestrum,
1445 901 1476 929 &
1492 898 1620 937 praefatos
1637 899 1795 935 Deputatos
1808 902 1841 932 ὃς
1856 901 2071 934 (Σοωῐηίίΐαῑιοε
2083 906 2162 942 ι’ρῖῑυε
2185 909 2341 940 Adzersai‘ii

1281 936 1369 966 nostri
1389 937 1513 973 Scotiae,
1530 937 1602 975 apud
1623 937 1792 975 praetiit‘ium
1815 939 1929 969 Locum
1951 942 1988 971 de
2009 942 2240 984 Howdeni'tank,
2258 949 2338 978 disto

1281 973 1427 1005 Vicesimo
1441 975 1544 1006 Primo
1559 976 1614 1005 Die
1631 976 1784 1013 Octobris,
1803 978 1848 1008 seu
1862 978 1919 1008 aliis
1933 980 2047 1019 diebus,
2068 983 2103 1011 iic
2119 992 2166 1021 per
2181 986 2339 1023 v0s‚T1·es‚

1281 1013 1329 1043 vel
1348 1013 1432 1044 Duos
1453 1011 1598 1052 vestium,
1618 1022 1648 1044 ut
1674 1016 1865 1051 praemittitur,
1885 1017 2060 1057 praefigendis
2080 1022 2112 1050 ὃς
2129 1024 2340 1063 continuandis,

1282 1053 1412 1089 moveri,
1431 1062 1512 1090 quae,
1531 1063 1583 1091 pro
1598 1051 1723 1082 Defeetu
1739 1053 1829 1090 plenae
1846 1057 2035 1095 cognitione,
2055 1069 2129 1089 verte
2152 1062 2339 1100 probationis,

1282 1089 1327 1120 seu
1343 1090 1451 1121 alterius
1467 1090 1583 1129 Caufie,
1602 1092 1744 1120 terminari
1758 1091 1812 1121 sive
1829 1095 1994 1124 concordari
2009 1106 2068 1126 non
2085 1107 2209 1135 valeant,
2227 1100 2259 1129 ad
2282 1111 2340 1131 ens-

1282 1128 1348 1158 dem
1364 1130 1487 1159 materias
1501 1131 1530 1159 in
1545 1129 1736 1166 Respeetum,
1754 1129 1840 1167 usque
1852 1131 1885 1160 ad
1908 1132 2030 1164 Oetaeas
2052 1135 2255 1167 Purificati'onis
2277 1140 2342 1168 bea-

1284 1174 1320 1196 tae
1340 1166 1460 1205 Mariae,
1486 1169 1620 1207 proximo
1643 1167 1761 1206 futuras,
1787 1169 1968 1209 ponendum,
1995 1172 2027 1202 ad
2052 1182 2118 1204 tunc
2142 1185 2213 1213 per,
2238 1176 2342 1207 cariffi—

1285 1214 1365 1234 mum
1389 1205 1574 1237 Avunculum
1598 1205 1726 1235 nostrum
1740 1230 1750 1243 ,
1782 1205 1940 1244 Johannem
1963 1214 2062 1239 nucem
2083 1213 2255 1254 Lamastroe
2270 1240 2280 1253 ,
2307 1225 2340 1246 ac

1283 1244 1349 1273 alios
1371 1253 1423 1283 pro
1444 1253 1521 1282 parte
1543 1243 1652 1281 nostra,
1669 1245 1701 1275 &
1724 1247 1827 1273 Ducem
1849 1246 1879 1274 de
1902 1247 2017 1287 Rothefiz
2041 1271 2051 1287 ,
2069 1251 2101 1280 &
2114 1255 2180 1282 aiios
2198 1264 2249 1290 pro
2265 1263 2343 1291 parte

1283 1283 1356 1350 didici1
1374 1282 1532 1314 Adversarii
1555 1281 1644 1313 nostri
1666 1282 1788 1321 Scotiae,
1808 1284 1838 1313 in
1858 1285 1912 1315 hac
1931 1296 2007 1323 parte
2027 1288 2202 1326 deputandos
2216 1293 2248 1322 ὃς
2262 1291 2343 1331 affig-

1319 1330 1337 1349 n
1359 1331 1406 1358 os,

1318 1359 1365 1402 Ati
1378 1360 1502 1397 aliquem
1518 1367 1629 1390 certum
1645 1359 1783 1403 Locum,
1793 1369 1841 1396 per
1855 1363 2020 1405 vom-Tres,
2037 1365 2081 1394 vel
2094 1364 2178 1397 Duos
2192 1368 2342 1407 Vestrum,

1281 1406 1313 1426 ac
1328 1396 1419 1427 dietos
1432 1398 1590 1436 Deputatos
1604 1398 1636 1428 &
1651 1396 1869 1430 Commiisarios
1884 1405 1964 1438 ipiius
1980 1403 2135 1435 Adversarii
2155 1405 2244 1436 nostri
2268 1407 2342 1438 Sco-

1282 1436 1345 1472 tiae,
1361 1436 1538 1466 limitandum
1554 1459 1563 1474 ,

1322 1473 1548 1504 Reformandum
1558 1499 1566 1510 ,
1584 1475 1616 1505 ἃ
1629 1474 1859 1506 Terminandum
1868 1501 1877 1514 ,

1319 1511 1357 1542 Et
1371 1513 1405 1542 ad
1421 1514 1515 1542 omnia
1532 1513 1583 1543 alia
1599 1514 1632 1544 ὃς
1648 1513 1766 1551 singula,
1782 1524 1847 1552 quae
1863 1524 1914 1552 pro
1928 1515 2117 1556 Expeditione
2131 1520 2346 1554 Praemissorum

1284 1551 1433 1619 neceglaria
1452 1552 1554 1581 fuerint
1575 1550 1620 1580 seu
1642 1560 1799 1591 oportuna,
1817 1553 1994 1592 faciendum,
2012 1559 2223 1600 exequendum,
2242 1561 2274 1592 &
2296 1570 2344 1592 ex-

1284 1599 1303 1626 p
1315 1599 1350 1618 en
1372 1599 1430 1619 um.

1322 1626 1358 1658 Et
1369 1628 1435 1658 ideo
1451 1627 1545 1665 vobis,
1563 1627 1596 1659 &
1611 1627 1726 1657 cuilibet
1739 1628 1866 1659 vestrum
1876 1653 1884 1667 ,
1904 1630 2075 1663 Mandamus
2088 1635 2166 1672 quod
2183 1637 2258 1667 circa
2267 1637 2345 1668 Prae-

1285 1665 1364 1696 misia
1388 1669 1402 1683 ³*
1425 1666 1573 1704 diligenter
1596 1664 1764 1704 Intendatis,
1780 1668 1812 1696 ὃς
1834 1677 1864 1697 ea
1876 1668 1998 1708 faciatis,
2016 1672 2162 1711 expleatis,
2177 1676 2211 1705 &
2225 1684 2345 1715 exequa-
2364 1667 2477 1742 LVIII}

1285 1706 1355 1735 mini
1372 1706 1400 1734 in
1415 1704 1518 1735 Forma
1534 1702 1675 1741 praedicta.

1323 1742 1434 1773 Damus
1450 1752 1544 1773 autem
1560 1741 1736 1772 Custodibus
1752 1740 1947 1774 Marchiarum
1960 1746 2156 1783 praedicstarum
2165 1773 2174 1788 ,
2192 1751 2226 1781 &
2245 1761 2346 1783 eorum

1286 1783 1366 1813 Loca
1382 1781 1554 1818 tenentibus,
1573 1790 1686 1811 necnon
1702 1781 1834 1811 univerfis
1847 1782 1879 1812 &
1896 1782 2006 1821 singulis
2022 1785 2265 1828 Vicecomitibus,
2280 1790 2347 1821 Ma-

1282 1821 1407 1860 joribus,
1435 1820 1559 1857 BalliviS,
1583 1818 1738 1856 Ministris,
1758 1820 1791 1850 &
1808 1821 1864 1850 airis
1887 1820 2026 1853 Fidelibus
2047 1826 2080 1855 ὃς
2101 1826 2224 1857 Subditis
2246 1829 2348 1860 nostris

1285 1861 1344 1890 tam
1367 1859 1439 1889 infra
1462 1858 1632 1893 libertates,
1648 1857 1735 1895 quam
1755 1866 1846 1895 eXtra,
1866 1857 1982 1890 Teiiore
2004 1861 2202 1903 Praesentium,
2228 1866 2347 1898 firmiter

1286 1899 1314 1928 in
1331 1897 1488 1935 Mandatis,
1507 1895 1587 1935 quod
1600 1895 1708 1932 Vobis,
1725 1895 1847 1934 Tribus,
1865 1900 1898 1926 ὄε
1923 1898 2048 1930 Duobus
2070 1903 2214 1941 vestrum,
2232 1906 2260 1934 in
2283 1915 2349 1936 ette-

1287 1938 1405 1967 cutione
1425 1934 1653 1973 Praemifforum,
1674 1933 1855 1965 Intendentes
1875 1935 1945 1974 sint,
1971 1937 2157 1972 Consulentes
2171 1965 2181 1980 ,
2206 1944 2240 1974 ὅτ,
2259 1944 2348 1975 Auxi-

1287 1976 1399 2013 nantes,
1419 1982 1503 2013 prout
1518 1973 1608 2004 decet.

1364 2012 1398 2043 Iri
1415 2014 1507 2051 cujus,
1527 2012 1588 2043 &c.

1323 2051 1412 2084 Teste
1426 2050 1512 2090 Rege
1524 2048 1598 2089 apud
1611 2047 1884 2089 Westmonasterium,
1903 2050 2005 2084 Tertio
2021 2054 2080 2085 Die
2093 2055 2242 2088 Οᾶοὶπίε.

1926 2132 1979 2159 Per
1992 2131 2074 2172 ipftem
2087 2135 2190 2172 Regem.

1290 2205 1435 2267 REX,
1461 2205 1583 2250 Dilet‘ssis
1602 2206 1635 2237 &
1656 2204 1795 2250 Fidelibus
1813 2205 1882 2244 suis,
1897 2205 2036 2274 ‘lJohanni
2053 2208 2151 2250 Bvſjjz,
2177 2212 2222 2256 &1
2233 2214 2350 2261 Henrfco

1363 2249 1450 2276 Grene
1466 2244 1626 2281 Militibus,
1643 2253 1677 2274 ac
1693 2242 1836 2281 Magistro
1851 2246 1900 2274 Wt
1913 2243 1997 2275 lielmo
2009 2250 2123 2289 Ferryby
2146 2249 2279 2290 Clerico,
2297 2253 2349 2284 52-

1289 2287 1422 2355 1thSegilatis
1437 2321 1516 2361 quod
1530 2320 1616 2359 Nos,
1631 2319 1691 2356 &a
1707 2326 1739 2350 ut
1747 2318 1851 2360 fitpra,
1863 2326 1975 2353 mutatis
1990 2325 2135 2355 mutandis.

1363 2360 1453 2393 Teste
1467 2369 1497 2391 ut
1511 2360 1599 2399 supra.

1959 2441 2013 2470 Per
2025 2439 2109 2480 iincm
2123 2445 2230 2481 Regem.

1294 2514 1437 2574 REX,
1460 2514 1585 2545 Dilecsiis
1607 2514 1640 2545 &
1660 2513 1799 2544 Fidelibus
1817 2514 1883 2552 suis,
1909 2514 2039 2553 Johanni
2059 2518 2156 2559 Buff),
2179 2521 2212 2550 &
2234 2523 2352 2552 Henrico

1373 2557 1461 2585 Grene
1478 2553 1633 2590 Militibus,
1651 2562 1684 2582 ac
1697 2555 1850 2593 Laurentio
1864 2557 1926 2582 Dru
1938 2554 2107 2595 Armigero,
2126 2559 2261 2590 salutem,

1329 2593 1427 2624 Sciatis
1440 2592 1519 2629 quod
1533 2590 1618 2629 Nos,
1634 2589 1693 2625 &aa
1713 2597 1744 2620 ut
1751 2591 1853 2630 supra,
1867 2597 1981 2623 mutatis
1993 2597 2140 2626 mutandis.

1368 2630 1458 2661 Teste
1469 2638 1499 2661 ut
1513 2628 1600 2667 supra.

1934 2710 1988 2739 Per
1998 2708 2081 2750 ipfimz
2094 2714 2196 2750 Regem.

1501 2833 1560 2863 Pro
1578 2831 1664 2861 Duce
1682 2828 1865 2873 Noiffilciae,
1904 2841 1976 2877 uper
1991 2832 2076 2878 Passa
2095 2838 2132 2870 io.

1299 2916 1430 2975 REX,
1448 2914 1594 2946 Univerfis
1615 2914 1648 2944 &
1669 2912 1780 2951 singulis
1799 2913 1976 2955 Admirallis,
1993 2917 2053 2948 &c.
2071 2918 2104 2950 ad
2119 2929 2208 2960 quos,
2225 2923 2288 2956 &c.
2303 2924 2355 2956 Sa-

1376 2957 1473 2987 lutern-

1334 2994 1430 3025 Sciatis
1452 2991 1531 3030 quod
1555 2990 1602 3028 (de
1622 2989 1718 3021 Gratia
1739 2990 1832 3021 nostra
1851 2991 1959 3028 speciali
1981 2995 2015 3026 &
2037 3004 2072 3026 ex
2093 3005 2175 3028 mero
2197 3008 2278 3030 motu
2301 3012 2355 3031 no-

1297 3031 1371 3069 stro)
1395 3029 1595 3063 Concess‘imus
1614 3030 1647 3061 &
1665 3028 1825 3060 Licentiarn
1848 3029 1989 3062 Dedimus
2012 3034 2119 3065 Thomae
2140 3039 2212 3069 Duci
2232 3039 2355 3079 Norffiol-

1297 3082 1343 3101 Clce

1336 3094 1398 3148 (Qi
1414 3107 1503 3139 versus
1519 3114 1608 3144 partes
1622 3105 1751 3144 EXteras,
1770 3107 1797 3136 in
1812 3106 1978 3146 Almannia,
1996 3108 2148 3152 Bohernia,
2162 3114 2195 3144 &
2209 3115 2356 3153 Hungaria

1299 3157 1458 3178 moraturus
1494 3155 1526 3175 ac
1540 3146 1573 3176 ad
1588 3145 1820 3178 transfretandum
1835 3145 1917 3176 Mare
1930 3156 2064 3186 magnum
2074 3172 2083 3187 ,
2102 3152 2130 3180 in
2151 3152 2355 3192 Peregrinatio—

1301 3196 1353 3224 ne,
1369 3187 1444 3223 juxta
1489 3184 1696 3220 rdinationem,
1714 3183 1787 3221 apud
1801 3182 1964 3223 Coventre,
1980 3187 2144 3220 auetoritate
2159 3189 2355 3233 parliamenti,

1300 3235 1387 3264 nuper
1403 3224 1505 3253 fatiam
1540 3222 1700 3252 transiturus
1716 3221 1823 3260 existit,

1338 3262 1430 3301 Qiod
1445 3261 1499 3300 ipse
1538 3269 1653 3298 ortum,
1670 3270 1756 3298 quem
1771 3261 1818 3290 sibi
1841 3261 1987 3301 placuerit,
2025 3274 2058 3294 ro
2079 3264 2301 3304 Eskippamento
2320 3271 2355 3302 &

1300 3301 1427 3339 Paflagio
1438 3300 1506 3337 suo,
1524 3298 1615 3330 versus
1631 3308 1720 3342 partes
1735 3298 1894 3338 praediCtas,
1913 3301 1983 3332 inter
2021 3311 2117 3334 ortum
2130 3305 2166 3335 de
2180 3305 2307 3338 Orwelle
2320 3311 2355 3341 &

1299 3339 1495 3375 Scardeburgh
1505 3362 1513 3375 ,
1530 3338 1632 3376 eligere
1645 3338 1746 3375 POffit,

1335 3378 1389 3415 Et,
1407 3378 1424 3407 fi
1440 3377 1586 3414 contingat
1601 3375 1681 3413 quod
1697 3375 1846 3412 praa-dietus
1859 3376 1947 3414 Dux,
1961 3378 2030 3408 cum
2044 3379 2102 3417 ipse
2115 3382 2144 3411 in
2162 3381 2236 3413 Mari
2246 3383 2356 3422 ,Causa

1299 3417 1416 3455 pafflgii
1429 3415 1482 3453 sui,
1500 3414 1598 3451 fuerit,
1616 3424 1665 3451 per
1676 3413 1889 3452 Tempestatem
1906 3415 2098 3456 Maritimam,
2116 3429 2162 3450 aut
2179 3420 2263 3452 Venti
2272 3423 2356 3454 Con—

1299 3457 1463 3487 trarietatem
1473 3475 1482 3490 ,
1497 3452 1531 3482 ad
1545 3453 1667 3490 aliquem
1684 3452 1798 3483 Locum
1812 3453 1867 3482 five
1880 3452 2001 3484 Portum
2017 3455 2121 3495 Maris,
2137 3459 2206 3489 infra
2226 3460 2355 3493 Potesta-

1298 3504 1374 3532 tem,
1390 3492 1611 3528 obedientiam,
1627 3490 1683 3521 sive
1698 3490 1941 3522 Gubernationem
1951 3515 1962 3530 ,
1979 3493 2101 3533 nostras,
2120 3505 2166 3527 aut
2181 3497 2215 3527 ad
2232 3500 2354 3537 aliquem

1300 3533 1414 3563 Locum
1436 3531 1491 3560 sive
1514 3529 1634 3560 Portum
1655 3528 1760 3566 Maris,
1778 3530 1807 3558 in
1820 3529 1926 3568 Regno
1939 3531 1995 3561 five
2010 3532 2115 3570 Terra,
2135 3535 2184 3564 sibi
2198 3546 2251 3573 pro
2276 3546 2356 3570 mora

1299 3573 1344 3602 sua
1358 3569 1477 3599 minime
1491 3566 1676 3605 assignatum,
1694 3566 1758 3605 post
1772 3567 1942 3598 Terminum
1959 3569 2007 3599 sibi
2021 3580 2075 3608 pro
2099 3571 2230 3610 passagio
2252 3575 2300 3605 suo
2322 3577 2356 3607 li-

1300 3611 1429 3640 mitatum
1439 3630 1448 3644 ,
1462 3607 1582 3643 agitetur
1596 3606 1652 3636 sive
1667 3605 1844 3644 impulsetur,
1863 3615 1930 3636 tunc
1943 3607 2021 3638 idern
2036 3609 2123 3649 Dux,
2139 3621 2206 3642 cum
2224 3613 2355 3645 Servien-

1300 3649 1373 3679 tibus
1389 3647 1421 3676 &
1436 3644 1626 3674 Familiaribus
1639 3644 1707 3681 suis,
1723 3645 1750 3673 in
1768 3644 1871 3682 Locis,
1890 3645 1938 3674 ubi
1951 3645 2040 3682 ipsum
2053 3649 2182 3685 applicari
2198 3651 2253 3681 sive
2267 3652 2356 3690 agita-

1300 3687 1324 3716 ri
1338 3684 1501 3723 contigerit,
1519 3683 1666 3721 quousque
1679 3682 1733 3720 ipse
1748 3682 1830 3712 Mare
1841 3684 1941 3713 intrare
1955 3694 1987 3714 ac
2001 3685 2077 3716 ialvo
2092 3688 2125 3718 ὃ(
2137 3688 2231 3719 secure
2246 3692 2358 3724 transire

1301 3725 1406 3761 valeat,
1421 3721 1521 3758 absque
1536 3720 1633 3751 fraude
1645 3720 1691 3750 vel
1704 3721 1778 3750 malo
1793 3719 1925 3760 Ingenio,
1938 3732 1986 3758 per
1998 3723 2136 3755 sufficiens
2151 3727 2356 3770 testimonium,

1301 3762 1389 3793 libere
1405 3760 1507 3791 morari
1521 3758 1621 3797 poffit,
1638 3758 1694 3789 fine
1712 3758 1910 3798 Impetitione,
1929 3759 2087 3801 Dampno,
2104 3764 2149 3794 seu
2173 3765 2358 3801 Forisfaetura

1304 3808 1492 3840 quaCUsIlqlJe.

1379 3838 1411 3868 In
1427 3845 1520 3873 cuiuS,
1537 3835 1589 3865 &c

1342 3876 1431 3908 Teste
1444 3874 1525 3913 Rege
1538 3872 1611 3912 apud
1625 3871 1898 3914 Wstmonasterium,
1913 3876 2016 3907 Tertio
2032 3876 2091 3907 Die
2104 3878 2252 3913 Otstobris.

1949 3953 2002 3983 Per
2016 3951 2099 3991 ipfiam
2112 3957 2217 3995 Regem.-

1798 4102 1866 4133 Ta

1318 324 1363 354 Ac
1379 325 1487 362 insuper
1500 326 1533 356 ad
1547 326 1743 357 Traeiandum
1759 329 1792 358 &
1806 328 2069 371 Concordandmi,
2088 336 2206 364 nomine
2220 335 2335 373 nostro,
2347 298 2459 364 &2338-

2378 2924 2452 2955 Ann.
2463 2924 2506 2956 D.

2395 2965 2478 3004 1398.

2373 3009 2424 3032 An.
2442 3013 2487 3031 22.

2373 3047 2402 3070 R.
2423 3052 2450 3070 2.

2374 3086 2489 3109 Pat.22.

2373 3120 2510 3156 R.2.p.1.}

2375 3169 2411 3187 m.
2426 3158 2454 3186 8.
