2561 4251
693 197 802 241 ET
896 196 1164 239 ACTA

7 288 83 321 Ann»
96 286 137 319 D·
152 296 246 330 tunm,
264 287 438 321 Catallorum
449 311 458 325 ,
473 283 716 324 Forisfaaorum,
734 285 943 323 Receptarurn,
953 281 1207 321 conventionum,

6 335 118 394 “ig-337·

36 3027 160 3086 '21337175

51 3101 81 3124 R.
105 3105 131 3122 2.

53 3138 111 3162 Par.
134 3144 142 3160 1
151 3155 156 3160 .

52 3219 90 3237 m.
105 3219 152 3245 23.

53 3247 150 3278 *VIL

57 3287 119 3320 169.

49 2953 129 3012 Anti.
138 2979 178 3010 D.
201 2972 259 3027 R

51 3175 186 3208 R.2.p.1.

155 329 349 369 Dispositionis
361 350 371 365 ,
389 326 589 364 Iniunxnonis,
607 325 878 361 Administrationis,
896 323 1126 360 Liberationurn,
1144 322 1204 351 Or—

152 368 326 398 dinationum
341 387 352 403 ‚
375 364 603 403 Affignationurn
619 387 630 402 ,
652 363 866 400 Praeceptorum
881 384 890 399 ,
914 361 1114 402 Conciliomm
1130 383 1140 398 ,
1158 368 1205 390 aut

153 404 412 437 Inobedientiarum
428 412 693 440 quorumcumque,
711 402 756 431 vel
773 410 826 438 pro
838 400 976 438 aliquibus
999 398 1206 428 Occaiionibus

154 444 201 475 seu
215 441 347 474 Articulis
358 441 536 478 supradietis,
553 449 600 471 aut
612 440 708 477 aliquo
720 438 886 468 eorumdem
897 460 906 475 ,
923 437 968 467 seu
981 436 1073 474 aliqua
1085 437 1136 466 alia
1143 436 1206 466 Oc-

155 482 265 514 casione
278 489 474 519 quacumque,
489 489 543 518 pro
557 479 707 515 Tempore
722 477 880 513 praeterito,
898 485 948 512 per
962 474 1127 505 Recordurn
1137 499 1146 511 ,
1162 474 1207 504 vel

155 521 277 558 aliquam
291 517 525 554 Accusationem,
544 516 779 546 Informationem
814 513 1075 550 praesentationem,
1087 512 1208 543 lndic‘ia-

156 565 287 590 metitum
299 579 310 595 ,
333 557 378 587 seu
401 556 481 586 aliam
501 553 705 585 Probationem
725 560 771 582 aut
786 536 1018 592 impolitionern,
1036 552 1081 581 vel
1096 560 1144 591 per
1159 552 1209 580 ali-

156 605 245 634 quem
264 594 349 626 alium
371 593 532 625 Articulum
555 591 600 621 vel
613 590 753 628 Causam,
772 590 847 620 unde
862 589 906 619 Im
929 591 1006 627 eriri,
1026 589 1209 620 Occasionari

155 634 260 673 poterit
270 634 318 665 seu
332 632 494 668 Molestari,
509 638 609 660 coram
623 628 849 667 quibuscumque
860 628 895 667 Ju
922 629 1020 658 iciariis
1035 628 1211 659 Intineranti-

158 673 228 710 bm,
245 673 292 703 vel
311 682 362 710 per
382 669 467 701 alium
487 667 609 697 modum
630 677 843 706 quemcumque
856 677 953 697 coram
967 666 1067 697 Nobis
1080 666 1124 696 vel
1140 666 1212 695 Hae-

158 710 271 741 redibus
292 709 391 741 nostris
406 729 416 745 ,
434 707 463 736 in
479 705 671 736 Parliamentis
685 706 785 736 nostris
799 706 844 736 vel
858 704 1017 735 Haeredum
1030 703 1193 734 nostrorum
1203 726 1212 740 ,

159 749 206 780 vel
218 749 285 780 alibi
299 755 397 778 coram
408 744 602 782 CancellariO,
620 743 807 774 Thesaurario
821 766 830 782 ,
846 743 1008 781 Justiciariis
1020 741 1054 771 de
1068 752 1126 772 uno
1142 742 1213 772 Ban—

161 799 200 819 co
219 787 266 818 vel
287 786 340 816 alio
354 808 363 821 ,
389 783 544 814 Batonibus
558 783 594 812 de
608 782 774 820 Scaccario,
787 782 949 820 Justiciariis
962 779 1143 819 assignandis,
1163 780 1213 810 Se-

159 824 280 856 nescallo
301 824 335 854 &
360 821 527 852 Marescallo
544 820 668 858 Hospitii
686 820 773 850 nostri
789 821 834 850 vel
854 818 1011 849 Haetedum
1034 817 1214 854 nostrorum,

158 865 190 894 in
206 862 347 900 praesentia
358 860 454 891 nostra
467 860 512 890 vel
526 859 689 889 Haeredum
710 858 874 888 nostrorum
890 881 899 893 ,
922 865 969 887 aut
985 857 1013 885 in
1027 856 1144 886 absentia
1159 866 1213 886 no-

160 901 213 931 stra
228 922 239 938 ,
263 900 308 930 seu
329 908 425 930 coram
447 897 583 929 Concilio
605 896 705 926 nostro
725 896 771 926 vel
793 895 950 925 Haeredum
974 894 1152 931 nostrorum,
1169 894 1215 923 seu

161 939 228 970 alibi
243 947 339 969 coram
360 938 414 967 alio
426 936 528 976 Judice
547 934 592 966 vel
607 934 743 963 Ministro
758 933 856 963 nostro
871 933 916 964 vel
928 932 1087 962 Haeredum
1101 931 1215 962 nostro-

161 972 230 1007 }um
245 986 447 1015 quocumque,
464 974 654 1012 Imperantur,
672 970 1126 1010 Occasionentur,Inquietentur,
1145 968 1217 1000 Mo-

159 1015 294 1046 lestentur
308 1016 336 1044 in
350 1015 443 1051 aliquo
456 1013 501 1043 seu
515 1012 697 1050 Graventur;

199 1054 248 1084 Set
261 1053 395 1084 Volentes
408 1049 665 1088 &Concedentes,
685 1060 738 1088 pro
751 1048 866 1087 Nobis,
877 1049 908 1079 sc
919 1047 1086 1078 Haeredibus
1102 1047 1214 1084 nostris,

182 1092 242 1123 uod
263 1090 411 1129 praedietus
428 1089 566 1128 Episcopus
587 1088 778 1129 PVyntoniensts
792 1111 801 1125 ,
819 1087 1013 1125 Successores,
1029 1086 1166 1116 Haeredes
1182 1086 1215 1116 &

160 1103 334 1162 Executores
346 1128 404 1166 sui,
422 1137 470 1158 aut
483 1128 636 1158 Terrarum
649 1127 758 1157 suarum
772 1126 933 1162 Tenentes,
951 1125 986 1155 de
1001 1124 1143 1163 praernissis
1150 1135 1216 1154 om-

163 1170 245 1199 nibus
258 1168 291 1198 ὃ(
305 1167 416 1206 singulis
430 1165 541 1204 penitus
557 1165 608 1197 sint
624 1165 740 1204 Queri,
758 1164 904 1202 Absoluti,
922 1165 955 1195 &
974 1163 1127 1194 Exonerati
1152 1163 1217 1192 IM-

164 1215 185 1236 P
194 1215 212 1237 ε
220 1214 245 1236 R
253 1213 271 1236 P
281 1215 299 1236 E
309 1214 332 1235 'r
340 1213 363 1235 υ
373 1213 395 1235 U
405 1213 442 1235 M.

202 1244 381 1282 Exceptione
402 1243 476 1274 faeta
496 1244 525 1274 in
540 1243 642 1274 ultimo
654 1242 842 1273 Parliamento
854 1241 935 1280 ipsius
948 1241 1005 1272 Avi
1018 1241 1123 1279 nostri,

200 1282 251 1313 De
264 1293 317 1321 eo,
335 1282 485 1321 videlicet,
503 1282 583 1320 quod
596 1281 725 1318 praefatus
741 1280 879 1320 Episcopus
894 1279 1084 1319 Wyntoniercfis
1097 1281 1126 1309 iri
1142 1276 1221 1309 Gra-

163 1321 204 1353 tia
223 1322 255 1352 Sc
276 1321 487 1352 Pardonatione
499 1345 509 1358 ,
528 1330 578 1358 pei·
595 1320 692 1350 Avum
707 1319 853 1357 nostrum,
872 1318 984 1356 Populo
999 1317 1094 1357 Regni
1109 1317 1146 1347 sui
1160 1318 1221 1346 An-

165 1361 229 1399 gliae
248 1361 278 1389 in
298 1359 401 1390 eodem
424 1359 612 1389 Parliamento
631 1355 706 1389 faeta
726 1358 760 1389 &
784 1356 916 1388 concessa
929 1381 939 1395 ,
958 1366 1018 1387 non
1034 1358 1220 1386 contineretur

164 1408 220 1429 nec
234 1397 350 1428 deberet
362 1398 516 1436 contineri,

204 1436 264 1467 Aut
277 1437 371 1474 aliquo
383 1436 493 1467 Statuto
504 1436 550 1466 seu
562 1434 769 1472 Ordinatione‚
783 1435 810 1464 in
824 1433 997 1465 contrarIum
1012 1432 1223 1471 praemissorum

166 1485 212 1506 aut
225 1475 339 1512 alicujus
350 1473 507 1505 eorundem
519 1473 608 1512 faita,
626 1483 687 1503 non
699 1473 828 1504 obstante
842 1482 962 1511 quoquo
977 1472 1075 1502 modo.

206 1512 349 1544 Volumus
370 1513 476 1543 etenim
497 1513 530 1544 &
549 1510 748 1542 Concedimus
763 1533 773 1549 ‚
797 1521 848 1548 pro
863 1510 961 1541 Nobis
973 1533 983 1548 ,
1009 1512 1041 1541 &
1056 1508 1225 1540 Haeredibus

166 1550 270 1583 nostris
282 1575 292 1589 ,
317 1552 351 1581 &
373 1559 408 1580 ex
428 1559 503 1581 certa
517 1549 638 1580 Scientia
653 1549 765 1586 nostra,
782 1550 819 1579 de
830 1548 912 1578 dietis
927 1547 1109 1579 Avisamento
1125 1550 1157 1578 &
1175 1549 1227 1578 As-

168 1589 246 1621 sensu
262 1589 332 1619 dieti
345 1588 489 1619 Avunculi
502 1587 635 1618 nostri&
649 1587 785 1625 aliorum,
826 1586 884 1617 uod
899 1587 975 1617 idem
992 1585 1128 1625 Episcopus
1144 1588 1226 1625 Wyn-

168 1626 291 1668 tonienfis
310 1627 392 1657 omni
413 1625 512 1657 Gratia
524 1649 533 1664 ,
558 1624 766 1655 Pardonatione
778 1649 787 1663 ,
833 1622 976 1664 rivilegio,
996 1624 1174 1664 Qietantia,
1193 1626 1227 1656 &

172 1667 328 1703 Libertate,
347 1674 397 1702 per
417 1665 426 1693 i
447 1664 508 1694 sum
529 1663 628 1694 Avum
648 1663 779 1694 nostrum
792 1662 906 1700 Populo
920 1664 989 1694 dieti
1003 1663 1098 1702 Regni
1111 1663 1150 1693 sui
1166 1664 1228 1693 An-

167 1706 235 1745 gliae
257 1705 286 1733 in
306 1704 411 1734 eodem
455 1703 618 1733 arliamento
634 1724 644 1741 ,
659 1710 691 1732 ut
704 1702 900 1740 praemittitur,
919 1701 997 1732 faffls
1010 1703 1043 1733 &
1059 1701 1228 1739 Conceffis,

170 1744 295 1782 integre,
314 1742 420 1779 libere,
437 1742 470 1772 &
484 1741 606 1779 plenarie
620 1740 738 1777 gaudeat
753 1740 786 1770 δε
802 1748 910 1778 utatur,
929 1740 1001 1770 dum
1016 1749 1112 1771 tamen
1128 1741 1228 1777 praefa-

169 1790 214 1812 tus
233 1781 370 1821 Episcopus
390 1778 581 1820 VVyntonienfis
603 1778 655 1809 stet
678 1778 773 1809 Recto
787 1778 816 1807 in
829 1777 917 1809 Curia
930 1779 1037 1817 nostra,
1054 1779 1075 1809 si
1089 1779 1174 1817 aliqui
1186 1779 1230 1808 alii

172 1819 284 1852 versum
298 1829 365 1850 eum
381 1818 479 1855 Loqui
493 1817 634 1848 voluerint
648 1815 684 1847 de
698 1815 857 1847 Praemissis.

168 1856 194 1927 'd
210 1857 347 1927 Volentgs
359 1857 509 1894 omnium,
524 1865 624 1887 tenore
637 1854 820 1886 Praesentium
829 1879 838 1893 ,
858 1855 968 1886 notitiae
981 1854 1167 1887 universaliter
1179 1854 1232 1885 de-

197 1907 242 1927 uCi
277 1906 316 1927 uo

214 1906 400 1973 Qiqamqiiam
417 1933 535 1972 praesato
549 1931 670 1974 Epifiopo
685 1931 865 1974 thntonienfi
881 1932 968 1962 dic‘ias
979 1932 1106 1970 Gratias,
1126 1931 1235 1962 Pardo-

175 1975 319 2011 nationes,
338 1971 545 2011 Remiffiones,
564 1972 775 2010 Relaxationes,
794 1970 1017 2002 Restitutionem
1032 1995 1041 2009 ,
1059 1972 1091 2002 &
1104 1969 1236 2001 Conces-

177 2012 285 2048 siones,
301 2013 331 2041 in
343 2011 435 2041 forma
449 2011 601 2048 praeditsta,
618 2010 785 2049 fecerimus,

218 2050 298 2088 Quas
320 2060 372 2088 pro
391 2057 527 2087 perpetuo
548 2049 688 2079 Volumus
703 2071 712 2086 ,
737 2050 770 2080 &
790 2047 987 2078 Concedimus
1000 2056 1053 2084 pto
1064 2045 1181 2084 Nobis,
1199 2047 1233 2077 &

178 2087 352 2119 Haeredibus
371 2087 491 2125 nostris,
515 2087 577 2118 fore
599 2097 651 2124 pro
676 2086 814 2124 praedidio
839 2086 961 2126 Episcopo
983 2084 1163 2125 nyntonienfi
1179 2107 1188 2123 ,
1204 2086 1238 2115 &

180 2125 308 2157 Ecclesia
330 2126 376 2156 sua
393 2126 530 2163 praedietfi
543 2148 553 2164 ,
575 2125 858 2163 Successoribusque,
876 2123 1062 2162 Haeredibus,
1078 2124 1111 2154 &
1126 2124 1240 2154 Execu-

181 2165 290 2195 toribus
305 2165 386 2205 ipsius
401 2163 549 2202 Episcopi,
567 2174 599 2194 ac
612 2163 767 2193 Terrarum
780 2162 890 2192 suarum
904 2162 1099 2200 Tenentibus,
1118 2161 1239 2200 Validas,

180 2203 318 2240 Stabiles,
334 2212 417 2240 atque
429 2202 550 2238 Firmas,
567 2212 742 2239 omnemque
756 2200 900 2231 Virtutem
914 2211 946 2231 ac
968 2200 1093 2230 Roboris
1110 2200 1133 2229 F
1135 2201 1241 2230 irmita-

183 2250 243 2272 tem
255 2266 265 2279 ,
288 2240 392 2279 absque
411 2240 500 2270 nostri
521 2240 567 2270 vel
585 2239 743 2270 Haeredum
764 2239 928 2270 nostrorum
945 2237 1182 2268 Contradiffione
1194 2238 1240 2268 seu

184 2279 397 2317 Impedimento
412 2279 636 2317 quibuscumque
653 2302 663 2316 ,
681 2288 865 2316 quocumque
883 2277 979 2308 Modo
995 2277 1041 2307 seu
1054 2275 1164 2307 Colore
1177 2276 1243 2307 inde

183 2318 332 2356 faciendo,
350 2317 544 2356 Temporibus
561 2316 704 2354 Perpetuis
718 2318 864 2354 optinere,

223 2356 272 2387 Ad
294 2365 504 2394 quamcumque
525 2354 788 2392 Interpretationem
810 2354 856 2384 seu
872 2353 1052 2384 intellectum
1075 2363 1244 2393 quemcum-

186 2405 245 2433 que
265 2394 352 2425 dietae
373 2393 482 2424 Gratiae
503 2393 628 2431 nosttae,
644 2392 881 2430 Pardonationes,
899 2392 1105 2430 Remissiones,
1124 2392 1246 2422 Relaxa-

186 2435 295 2470 tiones,
314 2432 485 2470 Restitutio,
503 2432 536 2462 &
550 2430 756 2462 Concessiones
768 2430 864 2461 reduci
879 2430 991 2468 possent
1011 2431 1056 2461 seu
1071 2439 1206 2467 poterunt
1217 2431 1247 2460 in

187 2479 293 2502 eventu
307 2493 317 2509 ‚
340 2470 461 2501 eundem
483 2479 580 2500 tamen
604 2469 776 2507 Episcopum
795 2469 832 2499 de
850 2469 931 2499 nullis
945 2491 955 2505 ,
981 2479 1028 2506 per
1048 2469 1116 2499 Nos
1131 2469 1199 2507 fibi,
1218 2476 1249 2498 ut

189 2510 386 2550 praemittitur,
404 2507 584 2545 Patdoiiatis,
601 2507 752 2545 Remiffis,
768 2507 813 2538 vel
826 2507 965 2537 Relaxatis
977 2515 1136 2544 reputamus
1149 2516 1248 2537 coram

192 2548 262 2578 Deo
282 2547 433 2585 aliqualiter
455 2545 651 2586 Culpabilem,
669 2546 705 2576 set
721 2545 809 2584 ipsum
824 2546 860 2576 de
874 2546 924 2576 hiis
940 2546 1073 2576 omnibus
1087 2546 1119 2576 &
1136 2545 1250 2582 singulis

191 2585 380 2616 innocentem
397 2594 526 2615 tenemus
540 2585 651 2622 penitus
665 2586 698 2616 &
714 2583 885 2614 Immunem.

232 2623 267 2654 In
282 2625 377 2662 cujus,
396 2623 457 2653 &c.

231 2660 322 2692 Teste
338 2661 424 2700 Rege
437 2660 510 2699 apud
523 2659 814 2693 westmonasterium
824 2684 833 2699 ,
852 2660 996 2692 tricesimo
1010 2661 1104 2699 primo
1119 2659 1165 2690 die
1178 2657 1253 2697 julii.

702 2739 754 2767 Per
771 2740 862 2766 Breve
877 2737 908 2766 de
924 2739 1042 2766 Privato
1054 2735 1151 2772 sigillo.

456 2885 514 2916 Pro
533 2880 633 2914 eodem
650 2881 786 2928 EpiftOPO
803 2881 999 2931 lsjntonicarst'.

265 2968 330 3001 EX
352 2968 515 3006 Omnibus,
530 2966 564 2998 ad
577 2977 666 3006 quos,
684 2966 745 2997 &o
765 2966 898 2997 Salutem.

298 3009 395 3039 Sciatis
408 3006 486 3045 quod
495 3029 505 3044 ,

236 3045 331 3083 Cum,
352 3055 481 3083 tempore
494 3044 619 3074 Domini
632 3043 787 3081 Edwardi,
804 3053 894 3080 nuper
909 3045 986 3080 Regis
994 3043 1107 3081 Angliae
1123 3042 1256 3078 &Fran-

200 3088 264 3123 ciae,
285 3085 342 3115 Avi
359 3084 447 3114 nostri
470 3083 636 3121 (videlicet,
661 3083 804 3112 Termino
827 3081 993 3120 Michaelis,
1009 3082 1096 3112 Anno
1112 3082 1207 3121 Regni
1222 3082 1261 3112 sui

203 3122 460 3161 Qinquagesimo)
488 3122 524 3152 ad
552 3121 786 3151 Informationein
813 3120 1003 3158 quorumdam
1019 3143 1029 3159 ‚
1057 3121 1175 3157 praefato
1192 3121 1259 3150 Avo

204 3161 304 3191 nostro
331 3161 436 3190 factam
452 3183 461 3198 ,
485 3160 648 3198 impositum
667 3159 761 3189 fuisset
775 3182 784 3196 ,
811 3158 973 3188 Venerabili
988 3160 1018 3188 in
1031 3157 1151 3188 Christo
1165 3158 1258 3196 Patri,

204 3198 328 3237 Episcopo
346 3199 363 3217 ²*
385 3198 567 3236 Wyntom'enfi
581 3198 660 3236 quod
674 3198 750 3228 idem
765 3198 932 3235 Episcopus,
951 3197 1021 3227 dut-n
1034 3198 1123 3227 extitit
1136 3196 1261 3227 Cancel-

205 3237 284 3267 larius
302 3236 384 3273 ipsius
405 3236 463 3266 Avi
479 3235 590 3273 nostri,
617 3236 712 3273 Fines,
730 3235 894 3266 Irrotulatos
908 3236 1072 3266 audieritate
1082 3235 1143 3274 sua,
1160 3236 1259 3274 saepius

204 3275 271 3305 fecit
286 3274 437 3312 Minuere,
453 3273 486 3303 &
501 3272 624 3307 Rotulos
636 3274 748 3303 Radere
757 3298 766 3310 ,

241 3313 299 3350 Et,
317 3314 347 3342 in
362 3312 488 3349 speciali,
502 3311 642 3349 Johannis
656 3314 726 3349 Grey
740 3311 776 3341 de
790 3311 974 3350 Rethetfeld,

240 3352 302 3390 Qii
320 3350 387 3380 fecit
406 3350 506 3380 Finem
528 3359 596 3379 curn
612 3349 671 3386 ipso
688 3350 754 3379 Avo
771 3349 887 3387 nostr0,
906 3351 994 3380 Anno
1009 3351 1108 3388 Regni
1124 3350 1163 3380 sui
1179 3351 1261 3390 Qia-

200 3389 356 3427 dragesimo
369 3389 469 3418 Primo
479 3410 488 3425 ,
526 3398 555 3418 er
570 3387 782 3426 Qiaterviginti
798 3387 912 3425 Libras,
929 3397 982 3427 pro
996 3388 1123 3419 Licentia
1135 3389 1262 3419 habenda

202 3427 237 3458 ad
251 3426 410 3457 faciendum
425 3426 484 3456 Feo
511 3435 655 3456 amentum
668 3425 703 3455 de
715 3426 797 3456 certis
811 3426 908 3455 Terris
921 3428 954 3457 ὃς
969 3426 1176 3465 Tenementis,
1194 3437 1260 3465 quae

203 3466 321 3504 quidem
336 3465 475 3502 Qatervi
495 3465 545 3495 inti
559 3464 654 3495 Librae
667 3464 846 3495 solvebantur
858 3465 886 3494 in
901 3464 1083 3503 Hanaperio,

239 3503 277 3534 Et
294 3503 444 3541 praedictus
491 3503 635 3540 piscopus,
652 3511 787 3540 praeteirtu
810 3502 952 3539 cujusdam
967 3502 1106 3541 Barganiae
1121 3503 1204 3534 faciae
1219 3504 1262 3533 in-

204 3550 248 3572 ter
269 3541 359 3579 ipsum
377 3542 410 3572 &
430 3541 579 3577 praefatum
600 3540 758 3578 Johannem
771 3565 781 3578 ,
799 3540 868 3571 fecit
881 3541 1035 3571 cancellare
1048 3541 1174 3571 Primam
1189 3541 1263 3572 Car-

205 3589 263 3611 tam
277 3604 286 3618 ,
310 3578 442 3610 faciendo
465 3588 552 3609 unam
573 3578 654 3608 aliam
675 3578 791 3609 Cartam
813 3579 934 3617 ejusdem
949 3579 1074 3610 Tenoris
1088 3581 1121 3610 δε
1137 3579 1260 3618 ejusdem

206 3619 308 3655 Datae,
347 3628 375 3648 er
390 3617 490 3647 Finem
505 3616 697 3656 Qadraginta
711 3617 860 3647 Librarum
876 3642 885 3655 ,
910 3618 943 3648 δε
958 3617 1026 3648 fecit
1040 3617 1188 3648 Clericum
1201 3618 1264 3647 Ha-

206 3658 312 3695 naperii
353 3656 477 3686 esolvere
491 3655 555 3697 alias
570 3655 760 3693 Qiadraginta
775 3656 874 3686 Libras
896 3655 1035 3694 praedfflo
1048 3656 1176 3695 Johanm‘
1193 3659 1263 3694 Grey

207 3697 238 3727 in
252 3696 452 3733 deceptionem
464 3695 546 3731 ipsius
558 3692 614 3723 Avi
628 3693 735 3732 nostri,

245 3733 338 3764 Unde
359 3733 434 3762 idem
456 3732 607 3769 Episcopus
622 3754 631 3769 ,
657 3741 755 3762 coram
775 3733 857 3764 certis
875 3732 1054 3771 Magnatibus
1066 3732 1162 3772 Regni
1175 3732 1263 3763 nostri

210 3770 335 3810 Angliae,
353 3773 387 3803 &
408 3771 465 3802 aliis
485 3771 520 3800 de
542 3769 657 3806 Magno
677 3769 814 3800 Concilio
833 3771 902 3801 dieii
918 3772 974 3800 Avi
988 3771 1091 3809 nostri,
1109 3782 1159 3808 per
1173 3771 1263 3810 ipsum

209 3809 246 3839 ad
268 3811 326 3840 hoc
346 3809 482 3848 assignatis
497 3833 508 3847 ‚
532 3808 723 3845 multipliciter
745 3809 833 3839 exntit
853 3811 993 3845 impetitus
1007 3831 1016 3846 ‚
1036 3811 1069 3840 ὃς
1085 3820 1132 3847 per
1144 3809 1264 3839 Proces-

210 3847 289 3890 sum,
306 3847 371 3878 inde
385 3849 528 3884 habitum,
547 3856 645 3877 coram
659 3847 762 3876 eisdem
780 3847 959 3885 Magnatibus
978 3849 1011 3878 &
1034 3849 1089 3878 aliis
1104 3872 1113 3884 ,
1132 3848 1169 3877 sic
1184 3847 1264 3886 allig-

210 3893 288 3927 natis-
304 3895 353 3922 per
374 3886 484 3917 diffisum
505 3886 602 3916 Avum
622 3884 768 3923 nostrum,
785 3885 854 3916 loco
868 3886 905 3915 sui
917 3885 1080 3920 iudicialiter
1093 3885 1264 3924 sedentibus,

211 3922 417 3954 consideratum
432 3924 486 3954 fuit
500 3923 580 3962 quod
595 3925 692 3954 omnia
701 3923 884 3961 Temporalia
900 3923 1083 3962 Episcopatus
1098 3924 1266 3963 Wyntoniae

211 3970 379 3998 caperentur
389 3962 418 3990 in
432 3961 554 3992 Manum
570 3962 651 4000 ipsius
668 3962 725 3992 Avi
739 3961 846 4000 nostri,

251 3997 342 4042 Cujus
365 4000 592 4043 considerationis
615 4009 749 4039 praeteXtu
765 4000 948 4040 Temporalia
961 4001 1095 4038 praedissta
1111 4010 1192 4039 capta
1207 4001 1269 4032 fue-

213 4046 278 4067 runt
299 4046 329 4066 in
349 4035 473 4066 Manum
495 4039 576 4075 ipsius
597 4039 654 4070 Avi
675 4038 762 4069 nostri
778 4063 788 4076 ,
807 4039 838 4069 ὅ(
854 4041 882 4068 in
898 4038 990 4069 Manu
1006 4039 1052 4069 su&
1065 4040 1269 4077 remanserunt,

212 4074 614 4146 quffrstssmiliffssplplilsffopus
628 4077 815 4116 postmodum
830 4077 973 4116 assumpsit
987 4077 1081 4109 facere
1094 4087 1170 4110 certa
1190 4078 1272 4109 One-

1247 198 1714 239 PUBLICA.
2254 204 2306 248 67

1245 293 1274 313 ra
1289 305 1300 320 ,
1324 283 1354 312 in
1376 283 1519 314 Auxilium
1542 283 1634 314 Status
1648 284 1681 314 &
1697 283 1876 314 Defensinnis
1891 282 1983 323 Regni
1999 283 2104 320 nostri,
2122 283 2150 312 in
2166 291 2297 313 exonera-
2313 288 2436 320 Armi),

1246 323 1354 351 tionem
1371 323 1450 358 ipiius
1466 323 1521 365 Avi
1534 322 1623 365 nostri
1637 322 1792 366 (videlicet)
1807 324 1932 365 invenire
1948 323 2095 366 in'Vi-agio¹
2115 321 2195 359 supra
2215 320 2298 366 Mare
2332 336 2415 368 1377,

1246 359 1320 389 Tres
1341 359 1439 389 Naves
1463 360 1618 396 (videlicet)
1638 370 1668 390 in
1691 361 1813 398 qualibet
1832 360 1910 390 Nau,
1930 360 2143 398 Qiinquaginta
2158 360 2300 390 Homines
2316 372 2367 394 ios..
2386 378 2411 393 a„
2452 386 2455 387 γ

1246 397 1280 427 ad
1302 398 1389 427 Arma
1407 399 1440 428 ὃς
1454 399 1665 436 Qinquaginta
1684 398 1856 438 Sagittarios,
1874 408 1922 437 per
1939 409 2027 428 unum
2042 399 2225 436 Quarterium
2239 399 2300 428 Ari-1

1247 437 1293 473 ni,
1311 436 1344 464 ad
1359 436 1420 465 talia
1433 435 1519 465 Vadia
1534 438 1566 466 ὅ(
1583 437 1723 466 Rewarda
1733 461 1741 473 ,
1762 436 1848 474 qualia
1863 437 1939 466 idern
1954 437 2033 466 Avus
2053 438 2148 466 noster
2162 437 2301 474 solveret,

1249 474 1286 504 set
1304 474 1382 511 quod
1399 474 1472 515 idern
1489 475 1566 503 Avus
1578 474 1672 505 noster
1685 475 1802 505 solveret
1816 474 1901 505 Vadis».
1918 474 2152 512 Marinariorum,

1287 511 1324 541 Et
1334 534 1343 549 ,
1360 513 1388 541 iri
1404 516 1466 542 calu
1481 521 1538 549 quo
1553 513 1682 551 Viagium
1699 522 1758 542 non
1773 521 1896 551 teneret,
1911 522 1980 543 tunc
1995 513 2132 543 conceffit
2146 512 2298 544 satisfacere

1249 549 1343 580 eidem
1362 550 1430 580 Avo
1452 549 1552 579 nostro
1570 551 1605 580 de
1628 550 1736 579 summa
1748 572 1758 588 ,
1782 550 1816 580 ad
1830 560 1916 588 quam
1931 551 2018 581 Vadia
2029 552 2061 582 &
2079 551 2219 581 Rewarda
2233 552 2300 582 Ho-

1252 589 1364 618 minum
1384 588 1418 618 ad
1442 589 1529 618 Arma
1549 588 1581 618 &
1604 588 1814 626 Sagittariorum
1834 589 2051 627 praedletorum,
2070 599 2120 627 per
2135 590 2302 620 Rationabia

1250 626 1307 655 lem
1322 625 1575 666 Computationem
1585 647 1594 663 ,
1613 626 1639 655 se
1653 626 1848 665 extenderent,
1867 638 1915 664 per
1930 625 2198 666 Praemunitionem,
2214 639 2302 666 quan-

1250 665 1289 694 do
1305 665 1397 694 eidem
1413 665 1479 694 Avo
1495 663 1593 694 nostro
1606 664 1742 702 placeret,

1290 702 1346 732 Pro
1366 704 1465 740 qiibus
1488 701 1629 731 Oneribus
1645 725 1654 739 ,
1682 712 1730 738 per
1753 702 1840 739 ipsum
1862 702 2035 740 Episcopum
2048 701 2122 735 bene
2139 703 2171 734 &
2187 702 2304 735 fideliter

1253 740 1427 777 perficiendis
1449 742 1482 771 &
1502 741 1676 770 inveniendis
1690 763 1703 781 ἰ
1724 741 1880 769 Emmaus
1905 744 1936 769 de
1957 746 1997 769 Mi
2007 750 2066 772 rino
2088 746 2166 772 Mari
2193 742 2305 772 Comes

1255 777 1413 815 Mai-chiae,
1431 777 1578 807 Richara'us
1592 782 1679 807 Comes
1696 778 1856 808 Arundellae
1866 804 1874 816 ,
1892 780 1925 809 &
1934 802 1942 817 ,
1961 780 2072 809 Thomas
2088 783 2119 810 dc
2133 780 2208 810 Bello
2224 785 2304 809 Cam-

1248 824 1284 853 po
1307 815 1417 846 Comes
1436 816 1590 847 Warwicae
1605 840 1614 854 ,
1636 817 1784 854 praesentes
1803 818 1832 846 in
1852 818 1931 848 dieto
1953 817 2091 849 Concilio
2104 845 2113 858 ,
2132 828 2304 857 manucepe-

1253 864 1334 892 runt,

1293 892 1346 922 Per
1367 892 1445 931 quod
1464 891 1647 930 Temporalia
1669 891 1801 930 praedidia
1815 917 1824 930 ,
1849 902 1918 923 cum
1939 895 2108 930 pertinentiis
2123 918 2132 932 ,
2154 896 2209 925 una
2237 905 2306 926 cum

1257 930 1359 961 Feodis
1376 931 1519 969 Militum,
1537 931 1779 961 Advocationibus
1788 930 1990 970 Ecclesiarum,
2009 934 2041 962 ὃς
2056 934 2190 963 omnibus
2203 934 2259 963 aliis
2272 933 2308 964 ad

1256 968 1440 1006 Temporalia
1453 971 1496 999 illa
1511 971 1611 1007 quovis
1627 969 1715 1000 modo
1729 969 1915 1006 spectantibus
1931 970 1986 1001 sive
1998 972 2198 1008 pertinentibus
2211 994 2222 1010 ,
2235 979 2307 1009 pm-

1248 1006 1326 1076 fangJ
1330 1006 1451 1046 Episcopo
1465 1008 1603 1038 Restituta
1617 1008 1744 1045 fuerunt,

1330 1056 1362 1076 os

1292 1070 1507 1115 Conl’iderantes
1520 1084 1651 1122 Dampna
1666 1082 1771 1115 Gravia
1786 1086 1818 1116 ὃς
1834 1082 2024 1116 Incommod-a
2036 1110 2046 1124 ,
2072 1095 2136 1124 quae
2150 1084 2312 1116 Occasione

1257 1123 1393 1160 praedici&
1406 1146 1415 1161 ,
1445 1124 1479 1154 &
1500 1124 1556 1154 aliis
1577 1123 1783 1153 Occasionibus
1808 1123 1919 1153 diversis
1935 1146 1943 1161 ,
1976 1126 2036 1154 tam
2058 1125 2149 1155 dic'tus
2171 1124 2310 1163 Episcopus

1260 1161 1455 1206 lVyntonienfis
1468 1186 1478 1200 ,
1503 1172 1588 1200 quam
1609 1162 1732 1192 Ecclesia
1752 1162 1797 1192 sua
1807 1162 1977 1202 Wyntoniae
1995 1165 2071 1201 (quae
2085 1164 2120 1193 de
2136 1162 2313 1192 Fundatione

1260 1197 1479 1236 Progenitorum
1502 1201 1665 1231 nostrorum
1681 1223 1690 1238 ,
1717 1200 1861 1238 quondam
1886 1200 2004 1239 Regum
2017 1202 2147 1239 Anglize,
2165 1202 2198 1232 ὃς
2213 1200 2314 1232 nostro

1261 1237 1412 1269 Pati-onam
1426 1237 1528 1275 existit)
1545 1249 1560 1269 a
1575 1239 1622 1268 diu
1636 1238 1840 1277 sustinuerunt,

1299 1276 1428 1307 Necnon
1450 1277 1643 1307 Revolventes
1664 1276 1773 1307 Oculos
1796 1276 1903 1306 Mfmtis
1923 1277 2027 1307 nostrae
2048 1277 2082 1307 ad
2100 1276 2204 1315 Grata,
2223 1278 2317 1316 utilia,

1263 1314 1295 1344 &
1312 1315 1455 1345 laudabilia
1470 1314 1629 1353 Obsequia,
1648 1315 1727 1345 didio
1741 1314 1807 1345 Avo
1822 1315 1921 1345 nostro
1938 1326 1986 1353 per
2002 1317 2147 1353 praefatum
2162 1315 2317 1355 Episcopum

1265 1354 1491 1392 wyntoniensem,
1507 1353 1616 1384 Graves
1638 1355 1670 1384 ὃς
1689 1354 1873 1393 Sumptuosos
1888 1353 2013 1383 Labores
2029 1354 2190 1392 subeundo,
2210 1356 2318 1385 Retro-

1264 1392 1332 1421 aftis
1347 1392 1542 1433 Temporibus
1558 1392 1746 1429 multipliciter
1759 1392 1880 1428 impensa
1905 1401 1937 1421 ac
1954 1391 2094 1431 Magnum
2106 1393 2218 1423 Locum
2232 1402 2319 1430 quern

1265 1430 1340 1459 idem
1356 1429 1509 1468 Epilcopus
1523 1429 1675 1459 Cariffimo
1691 1430 1824 1459 Domino
1840 1431 1872 1461 ὅ(
1887 1414 1962 1460 i³atri
1975 1431 2071 1460 nostro
2087 1432 2114 1460 in
2129 1431 2180 1461 suis
2196 1431 2319 1470 Agendis

1265 1468 1453 1498 diversimode
1468 1470 1569 1505 tenuit,
1589 1469 1621 1498 Sc
1637 1467 1670 1497 ad
1684 1466 1832 1505 specialem
1846 1467 2043 1498 Affefflonem
2059 1470 2090 1498 ὅε
2107 1469 2240 1499 sinceram
2264 1468 2320 1498 Di·

1268 1506 1424 1536 leffionem
1438 1530 1447 1543 ,
1473 1516 1557 1544 quam
1577 1506 1651 1535 idem
1675 1504 1820 1536 Dominus
1835 1506 1867 1535 Sc
1882 1506 1964 1536 Pater
1985 1506 2078 1536 noster
2091 1516 2157 1543 erga
2172 1507 2320 1545 praefatum

1269 1544 1441 1582 Episcopum
1458 1544 1538 1581 geliir
1551 1544 1584 1574 &
1596 1545 1709 1582 habuit,
1728 1545 1799 1574 dum
1812 1552 1903 1581 ageret
1916 1545 1943 1573 in
1957 1544 2115 1581 Humanis,

1309 1583 1441 1613 Volentes
1463 1583 1583 1619 proinde
1599 1605 1608 1619 ,
1633 1583 1666 1612 &
1687 1583 1727 1612 ob
1739 1581 1940 1612 Reverentiam
1955 1582 2012 1611 Dei
2027 1581 2257 1620 Omnipotentis,
2275 1584 2324 1621 qui

1272 1620 1341 1652 Nos
1355 1621 1389 1652 ad
1404 1621 1499 1660 Regni
1520 1621 1608 1650 nostri
1621 1619 1821 1650 Gubernacula
1838 1619 1883 1649 su&
1898 1620 1990 1650 divina
2006 1619 2186 1650 Miseratione
2199 1623 2254 1658 jam
2271 1631 2324 1651 no-

1271 1661 1342 1690 viter
1373 1661 1526 1695 evocavit,
1551 1669 1664 1689 necnon
1683 1658 1717 1688 ad
1738 1658 1893 1688 Honorem
1916 1658 2026 1688 Saneiae
2050 1658 2149 1687 Matris
2166 1659 2300 1695 Ecclesiae
2316 1682 2326 1696 ‚

1271 1698 1491 1736 beatissimaeque
1506 1698 1632 1734 Virginis
1653 1696 1754 1727 Mariae
1769 1720 1778 1733 ,
1795 1697 1965 1726 Sanctorum
1981 1695 2186 1732 Apostolorum
2203 1697 2277 1726 Petri
2294 1699 2327 1728 &

1273 1736 1368 1774 Pauli,
1387 1747 1420 1767 ac
1434 1736 1531 1767 Sancti
1543 1735 1679 1774 Swythini
1694 1734 1890 1772 ConfessoriS,
1909 1735 1992 1764 dietae
2007 1734 2142 1764 Ecclesiae
2156 1734 2327 1774 W'yntoniae

1274 1775 1463 1805 Patronorum
1474 1798 1483 1813 ,
1501 1775 1690 1811 omniumque
1703 1773 1783 1803 fimul
1798 1773 2046 1811 San5t01·um,pro
2061 1773 2331 1810 Secui-itate‚Tran-

1274 1814 1422 1852 quillitate,
1441 1815 1473 1844 &
1489 1813 1596 1851 Qiiete
1611 1813 1691 1849 ipsius
1705 1812 1824 1850 Episcopi
1839 1810 2048 1850 Wynmnicnss,
2067 1810 2208 1849 statusque
2221 1811 2278 1849 sui,
2295 1812 2329 1842 ὃς

1274 1850 1408 1882 Ecclesiae
1420 1853 1475 1882 suae
1487 1851 1629 1888 praedic‘tae
1638 1874 1647 1890 ,

1313 1889 1365 1920 Ne
1385 1891 1434 1927 ipli
1449 1914 1458 1928 ,
1484 1899 1516 1919 ei<
1536 1888 1630 1919 Causis
1653 1887 1796 1925 praemiffis
1810 1911 1819 1926 ,
1841 1897 1888 1919 aut
1907 1886 1997 1926 aliqua
2016 1888 2179 1918 earumdem
2196 1912 2206 1925 ,
2222 1886 2333 1918 Futuris

1276 1928 1470 1967 Temporibus
1487 1927 1638 1966 aliqualiter
1659 1926 1830 1966 Inipetantur
1844 1950 1853 1964 ,
1872 1926 2115 1964 Occasionenttir,
2134 1928 2178 1956 seu
2193 1927 2220 1955 iii
2237 1926 2334 1964 aliquo

1279 1967 1488 2005 Molestentur,
1506 1967 1549 1997 seu
1564 1966 1705 2003 Imperiti,
1725 1965 1924 2004 Occalionari,
1942 1965 1987 1995 vel
2002 1964 2150 1996 Molesta-i
2164 1965 2288 2003 valeant,

1316 2005 1350 2035 In
1365 2015 1499 2043 quantum
1518 2004 1664 2042 possumus
1680 2004 1845 2042 prowdere,

1317 2043 1366 2073 De
1380 2043 1480 2074 Gratia
1494 2042 1590 2073 nostra
1604 2042 1712 2080 speciali
1728 2042 1761 2072 ὃς
1776 2051 1810 2072 ex
1824 2050 1899 2072 certa
1913 2041 2033 2072 Scientia
2053 2041 2148 2072 nostra
2160 2042 2173 2079 ',
2192 2042 2224 2072 ὃς
2241 2040 2337 2071 Avisa-

1283 2090 1383 2112 mento
1397 2107 1405 2120 ,
1428 2083 1460 2113 δί
1480 2081 1595 2112 Aisensu
1645 2079 1787 2110 Carissimi
1807 2080 1950 2110 Avunculi
1972 2080 2082 2117 nostri,
2102 2079 2242 2117 Johannis
2258 2081 2335 2116 Regii·

1282 2120 1402 2159 Castellae
1415 2120 1452 2155 (ῤ’
1468 2123 1593 2157 Legionis
1610 2103 1701 2149 bucis
1715 2118 1902 2156 Lancasti·iae,
1921 2128 2035 2148 necnon
2051 2118 2253 2154 Praelammm,
2275 2117 2339 2148 Co-

1283 2167 1403 2196 mitum,
1423 2160 1457 2190 ὃς
1472 2158 1633 2195 Baronum,
1654 2157 1837 2196 Magnarum,
1856 2167 1888 2187 ac
1902 2157 2020 2187 aliorum
2034 2156 2196 2194 Sapientum
2210 2157 2246 2187 de
2257 2156 2340 2186 Con-

1283 2197 1351 2228 cilio
1365 2197 1479 2235 nostro,
1494 2196 1592 2227 Nobis
1607 2195 1798 2226 assistentium.

1324 2234 1572 2266 Rmnsmus
1587 2256 1597 2273 ,
1621 2235 1929 2264 RELAXAviMiys
1944 2257 1954 2272 ,
1976 2234 2009 2264 &
2031 2234 2154 2264 omnino
2180 2233 2341 2264 Pinno-

1288 2281 1311 2304 N
1321 2284 1340 2303 A
1350 2285 1368 2304 v
1378 2283 1389 2304 1
1401 2281 1459 2304 MU
1471 2283 1500 2312 s,
1518 2283 1572 2311 pro
1587 2272 1701 2311 Nobis,
1720 2273 1752 2302 ἂ
1766 2271 1935 2302 Haeredibus
1955 2272 2072 2310 nostris,
2084 2271 2203 2311 Praefato
2218 2272 2342 2310 Episcopo

1288 2311 1466 2352 VVyntonienfi
1481 2335 1490 2351 ,
1514 2311 1678 2350 praedictam
1700 2310 1949 2348 Assumptionem,
1967 2311 1986 2329 *²
2005 2312 2038 2341 ὃς
2052 2311 2149 2341 omnia
2163 2310 2259 2340 Onera
2274 2319 2344 2348 prae-

1287 2351 1375 2388 dreia,
1394 2350 1593 2381 inventionem
1606 2349 1749 2380 dictorum
1768 2348 1933 2378 Hominum
1955 2348 1989 2378 ad
2010 2349 2116 2386 Arma,
2134 2350 2167 2378 &
2182 2349 2342 2379 Saoittario-

1289 2399 1369 2426 rum,
1388 2390 1421 2420 &
1438 2389 1587 2419 Summam
1600 2388 1634 2418 ad
1648 2397 1732 2426 quam
1748 2386 1845 2417 Onera
1857 2387 1992 2424 praedicta
2007 2387 2052 2417 seu
2067 2386 2155 2417 Vadia
2173 2388 2206 2417 δε
2258 2396 2348 2417 ewar-

1290 2428 1326 2458 da
1347 2429 1489 2458 didiorum
1508 2427 1670 2457 Hominum
1691 2425 1725 2456 ad
1748 2426 1835 2455 Arma
1856 2427 1889 2456 ὃς
1912 2425 2125 2464 Sagittariorum
2146 2425 2172 2455 se
2200 2425 2349 2455 extendere

1291 2467 1403 2506 possent
1425 2466 1470 2496 vel
1492 2465 1628 2495 deberent
1642 2489 1651 2502 ,
1677 2465 1710 2495 &
1730 2464 1863 2501 qiicquid
1878 2465 1984 2493 ratione
1998 2463 2202 2501 Assiimptionis
2214 2463 2348 2493 Onerum

1292 2505 1497 2543 praedietorum
1511 2527 1519 2541 ,
1544 2503 1716 2533 Inventionis
1732 2503 1873 2532 arctorum
1894 2501 2057 2532 Hominum
2071 2503 2105 2531 ad
2124 2501 2229 2540 Arma,
2249 2503 2282 2532 ὅ(
2296 2501 2350 2532 Sa-

1292 2545 1468 2581 gittariorum
1485 2567 1494 2579 ,
1518 2552 1563 2572 aut
1583 2541 1668 2571 diist-ae
1693 2540 1836 2577 Summae,
1857 2540 1901 2569 vel
1918 2540 2074 2570 Vadiorum
2089 2542 2121 2570 ἃ
2141 2540 2352 2570 Rewardorum

1295 2581 1483 2618 eorumdem,
1502 2580 1536 2610 ad
1550 2580 1661 2610 dioium
1676 2579 1772 2609 Avum
1789 2578 1916 2608 nostrum
1932 2581 2078 2618 pertinuit,
2094 2579 2138 2608 seu
2155 2579 2189 2608 ad
2206 2578 2275 2608 Nos
2291 2588 2354 2616 per-

1295 2623 1381 2658 tinet,
1400 2620 1446 2650 vel
1462 2620 1599 2656 pertinere
1615 2619 1715 2655 poterit
1728 2618 1826 2655 quovis
1840 2617 1947 2654 modo,

1334 2659 1372 2688 Et
1386 2658 1422 2687 de
1435 2658 1536 2687 eisdem
1546 2680 1555 2694 ,
1573 2666 1606 2686 ac
1621 2665 1722 2686 eorum
1737 2655 1879 2693 qiolibet,
1898 2656 1956 2685 tam
1974 2655 2062 2692 ipsum
2075 2654 2249 2693 Episcopum
2267 2678 2276 2693 ,
2296 2654 2354 2685 Εε-

1296 2697 1407 2727 clesiam
1429 2696 1504 2726 suam
1519 2695 1690 2734 NVyntoniae
1706 2716 1715 2731 ,
1740 2693 1918 2724 &accessores
1932 2716 1941 2731 ,
1959 2693 2112 2731 Haeredes,
2132 2696 2163 2724 &l
2182 2693 2354 2724 Executores

1298 2736 1419 2774 ejusdem
1440 2734 1597 2772 Episcopi,
1623 2742 1736 2763 necnon
1756 2732 1913 2761 Terrarum
1940 2732 2048 2761 suarum
2071 2733 2215 2762 ”senentes
2228 2757 2237 2769 ,
2266 2733 2352 2769 quiim

1298 2774 1428 2814 praefatos
1438 2771 1585 2808 Comites,
1602 2771 1822 2808 Manucapmres
1837 2771 1913 2807 suos,
1932 2780 2031 2800 eoruri
2046 2770 2182 2799 Haeredes
2198 2771 2230 2799 ὅ(
2245 2770 2358 2800 Execu-

1300 2823 1394 2849 tores,
1415 2822 1448 2841 ac
1471 2811 1623 2841 Terrarum
1647 2810 1756 2839 suarum
1777 2809 1921 2838 Tenentes
1937 2831 1945 2844 ,
1965 2809 2100 2844 totaliter,
2120 2819 2172 2845 pro
2188 2808 2302 2845 Nobis,
2322 2809 2356 2838 Sc

1299 2850 1470 2883 Haeredibus
1485 2848 1605 2886 nostris,
1623 2847 1828 2883 Exoneramus,
1848 2846 2068 2883 AcquietamuS,
2085 2848 2119 2875 ὃς
2134 2847 2241 2882 penitus
2256 2846 2358 2876 Abiol-

1300 2892 1392 2922 vimus
1403 2913 1413 2928 ,
1436 2897 1469 2918 ei:
1484 2886 1579 2918 nostra
1594 2895 1669 2916 certa
1684 2886 1822 2922 Scientia,
1841 2885 1876 2913 de
1885 2884 2065 2914 Avis-tinente
2077 2885 2109 2914 &
2123 2884 2240 2914 Aii'enlu
2256 2884 2358 2922 proedi-

1301 2927 1719 2967 ctis,1iii>i;rti³ss”ruuii.

1338 2967 1588 2998 REMisiMUs
1613 2964 1697 2993 etiam
1725 2963 1758 2993 δε
1780 2960 2124 3002 PARporiAvmius
2138 2983 2147 2998 ,
2172 2970 2224 2998 pro
2242 2960 2359 3001 Nobis,

1302 3007 1335 3038 &
1357 3005 1523 3036 Haeredibus
1544 3000 1643 3031 nostris
1658 3024 1667 3038 ,
1686 3009 1720 3029 ex
1735 3000 1829 3030 nostra
1844 3010 1919 3030 cetra
1934 3001 2073 3037 Scientia,
2091 3001 2127 3029 de
2142 3001 2244 3030 elidem
2261 3000 2358 3030 Avisa-

1301 3053 1400 3075 mento
1414 3045 1446 3074 ὅ(
1464 3040 1577 3072 Ass'ensu
1591 3061 1600 3076 ,
1623 3038 1742 3078 praesato
1758 3038 1880 3077 Episcopo
1899 3041 1995 3068 omnia
2012 3038 2144 3075 praedifta
2164 3038 2357 3074 impetitiones

1301 3085 1336 3115 ὃς
1350 3082 1499 3121 Imposita,
1514 3079 1634 3116 superius
1649 3079 1779 3115 recitata,
1797 3079 1831 3108 δε
1846 3079 1943 3106 omnia
1956 3079 1988 3107 ἃ
2005 3076 2111 3113 lingula
2127 3078 2153 3105 iii
2168 3076 2271 3106 eisdem
2285 3086 2357 3106 con-

1303 3130 1395 3160 tenta,
1415 3129 1527 3150 necnon
1547 3126 1648 3147 omnes
1669 3117 1702 3147 ὅ(
1724 3115 1917 3154 quascumque
1931 3113 2162 3144 Circumstantias
2176 3114 2338 3144 earumdem

1302 3171 1335 3191 ac
1354 3166 1541 3198 quecumque
1560 3155 1636 3191 super
1656 3155 1718 3192 ipsis
1741 3153 1958 3191 Dependentia‚
1987 3154 2020 3184 ὃ(
2042 3153 2175 3191 quicquid
2197 3162 2230 3182 ex
2254 3154 2291 3182 eis
2308 3162 2344 3183 ve

1303 3209 1405 3229 eorum
1425 3197 1518 3234 aliquo
1541 3194 1614 3232 sequi
1630 3216 1640 3232 ,
1663 3194 1733 3231 agi,
1759 3192 1818 3222 fieri
1831 3214 1840 3230 ,
1864 3193 1976 3222 evenire
1992 3215 2001 3231 ,
2021 3194 2066 3222 vel
2079 3191 2235 3229 dependere
2256 3192 2361 3228 poterit

1303 3238 1404 3276 quovis
1422 3235 1528 3271 modo,
1637 3270 1642 3275 .
1854 3269 1859 3274 -
1915 3269 1920 3274 ι

1342 3275 1380 3306 Et
1395 3275 1431 3304 de
1446 3272 1547 3304 eisdem
1561 3270 1697 3301 omnibus
1712 3269 1744 3301 ὅ(
1761 3268 1873 3308 singulis
1886 3292 1895 3306 ,
1913 3268 2002 3306 ipsum
2017 3266 2168 3306 Epssapum
2183 3267 2357 3306 Wjsntonien-

1296 3314 1372 3353 fim,
1390 3311 1545 3343 Ecclesiam
1561 3309 1635 3338 suam
1652 3308 1840 3348 Wyntoniae,
1858 3307 2056 3343 Succeffores,
2074 3305 2225 3343 Haeredes,
2239 3304 2356 3335 &Exe-

1304 3363 1416 3383 cutorcs
1436 3350 1516 3387 ipsius
1537 3347 1688 3384 Episcopi,
1703 3356 1736 3376 ac
1749 3346 1905 3377 Terrarum
1918 3345 2025 3374 suarum
2038 3344 2179 3374 Tenentes
2189 3365 2197 3380 ,
2215 3343 2356 3382 totaliter,

1303 3401 1356 3429 pro
1368 3390 1466 3420 Nobis
1477 3412 1485 3426 ,
1501 3388 1532 3418 ὃς
1547 3385 1715 3415 Haeredibus
1729 3384 1846 3421 nostris,
1865 3383 2072 3419 Exoneramus,
2092 3382 2306 3422 Aequietamus,
2325 3382 2359 3412 &

1303 3429 1414 3466 penitus
1435 3425 1612 3457 Absolvimus
1629 3445 1639 3461 ,
1663 3432 1696 3452 ex
1717 3423 1812 3453 nostra
1834 3431 1906 3452 certa
1928 3421 2064 3458 Scientia,
2078 3420 2113 3450 de
2126 3420 2310 3450 Avisamento
2325 3417 2359 3451 &¹

1303 3467 1422 3498 Affensu
1437 3462 1574 3504 praeditstis
1583 3485 1592 3500 ,
1613 3461 1626 3491 I
1636 3469 1662 3491 M
1672 3469 1689 3491 Ρ
1698 3470 1716 3491 E
1728 3470 1752 3491 R
1762 3469 1779 3490 Ρ
1789 3470 1807 3490 i:
1817 3469 1838 3489 T
1849 3468 1870 3489 υ
1879 3467 1901 3488 U
1911 3467 1948 3489 ixi.

1435 3514 1469 3533 re*

1340 3505 1433 3574 Iglriiiiie
1445 3515 1592 3579 psscssditstus
1613 3538 1692 3568 Avus
1707 3537 1801 3568 noster
1817 3535 2000 3573 Temporalia
2015 3534 2167 3577 supradicta
2181 3534 2279 3566 Nobis
2295 3533 2361 3566 alias

1304 3581 1498 3617 concessisset,
1514 3577 1653 3607 Habenda
1670 3577 1802 3614 quamdiu
1818 3585 1849 3605 ca
1863 3576 1891 3604 in
1901 3573 1993 3604 Manu
2008 3576 2052 3604 lua
2064 3574 2212 3604 occasione
2228 3574 2361 3613 praedirsta

1304 3621 1480 3659 contingeret
1493 3625 1638 3647 remanere
1647 3638 1657 3654 ,
1968 3650 1973 3655 .

1342 3658 1380 3689 Et
1394 3665 1522 3696 tempore
1537 3653 1733 3684 Restitutionis
1746 3650 1931 3687 eorumdem,
1949 3650 2042 3680 eidem
2058 3648 2200 3688 Episcopo
2214 3673 2224 3688 ,
2243 3658 2273 3680 ut
2287 3660 2358 3688 prae-

1305 3695 1416 3727 dietum
1440 3694 1480 3725 est
1493 3717 1502 3731 ,
1527 3692 1627 3729 faci-ie,
1647 3692 1775 3729 quaedam
1792 3689 1904 3726 Exitus,
1922 3689 2096 3729 ProventuS,
2113 3690 2145 3719 &
2161 3687 2306 3726 proficua,
2324 3689 2360 3720 δε

1305 3735 1409 3765 diversa
1422 3731 1565 3770 Arreragia
1577 3730 1743 3759 eorumdem
1753 3751 1761 3766 ,
1777 3730 1809 3759 ὃς
1823 3737 1907 3757 etiam
1925 3726 2098 3757 Reddituum
2108 3751 2116 3763 ,
2133 3728 2165 3757 &
2181 3726 2203 3756 F
2206 3728 2358 3765 irmarum,

1305 3776 1338 3806 &
1358 3774 1471 3802 aliarum
1489 3771 1614 3805 Rerum,
1633 3768 1668 3797 de
1683 3766 1901 3803 Temporalibus
1916 3766 2052 3802 praedietis
2067 3766 2150 3794 nobis
2165 3765 2359 3804 debebantur,

1346 3811 1481 3841 Volentcs
1496 3817 1562 3837 cum
1577 3805 1679 3835 codem
1692 3804 1835 3842 Episcopo
1847 3813 1927 3842 agere
1940 3804 2060 3843 gratiose
2072 3805 2099 3832 in
2115 3803 2166 3833 hac
2184 3811 2275 3842 parte,

1346 3849 1546 3880 Dnniiius
1567 3845 1599 3874 ὃ(
1618 3844 1914 3873 (ἰοΝεΕεεῐΜυς
1933 3842 2022 3871 eidem
2047 3842 2169 3880 Episcopo
2183 3862 2194 3879 ,
2211 3848 2245 3871 ex
2268 3841 2364 3872 nostra

1307 3897 1382 3919 certa
1397 3887 1517 3917 Scientia
1553 3883 1589 3912 de
1601 3882 1784 3912 Avis-amento
1797 3882 1830 3912 &
1846 3880 1963 3910 Assensu
1978 3880 2136 3918 praedietis,
2153 3881 2249 3910 omnia
2265 3881 2299 3911 &
2309 3880 2362 3909 sin-

1307 3927 1370 3965 gula
1387 3925 1498 3959 Exitus,
1515 3907 1689 3958 13roventus,
1707 3921 1740 3950 &
1757 3919 1905 3956 Prolicua,
1923 3928 1955 3948 ac
1972 3918 2115 3956 Arreragia
2129 3917 2316 3956 eorumdem>
2327 3918 2360 3949 ὅ(

1309 3966 1393 3995 etiam
1410 3962 1604 3995 Reddituum,
1623 3959 1655 3989 &
1673 3958 1886 3993 Firma-mm&
1902 3956 2016 3998 aliarum
2033 3955 2141 3986 Rerum
2158 3966 2361 3995 quarumcum-

1309 4013 1381 4040 que,
1400 4010 1462 4039 quae
1478 3998 1574 4029 Nobis
1587 3997 1623 4026 de
1636 3996 1852 4034 Temporalibus
1871 3993 2028 4031 praedic‘tis,
2043 4003 2173 4032 ternpore
2196 3994 2361 4024 Restitutio-

1308 4043 1350 4070 nis
1365 4038 1505 4078 praedfftae
1515 4059 1524 4074 ,
1544 4035 1735 4072 debebantur,
1754 4042 1784 4063 ut
1798 4033 1992 4070 praemittitur,
2008 4032 2054 4064 seu
2068 4032 2104 4063 de
2120 4034 2220 4071 quibus
2233 4040 2364 4069 temporo

1309 4079 1366 4116 ipio
1381 4077 1478 4108 Nobis
1492 4084 1552 4105 non
1567 4074 1654 4105 fuerat
1668 4072 1863 4139 Satisfacstilim3
2293 4105 2329 4137 N

1831 4119 1848 4138 2
2331 4116 2363 4136 o-

2357 2319 2372 2335 *
2384 2320 2452 2349 vti.

2361 2368 2422 2394 ¹70·
