2561 4251
15 200 92 231 Arin.
105 195 148 227 D.

36 242 120 278 1360.

15 281 70 306 An.
88 284 136 312 3-1.-

19 321 53 343 E.
73 324 99 351 3.

48 905 67 926 ³
91 906 144 933 VI.

60 954 126 981 203.

162 129 239 158 212

173 221 1213 244 Μ

172 285 335 329 Consimiles
361 282 529 315 Facultates
551 277 593 311 ad
615 275 829 322 absolvendum
851 287 872 309 a
893 274 1028 320 Cenfitris
1055 269 1234 316 Ecclesiasti-

223 339 282 376 CiJ,
310 332 449 375 Ol'ct’fsione
468 326 711 372 commiſjbruWJ
731 333 876 370 PYAEtCXIu
898 326 1104 364 Guerrarum’
1133 329 1236 353 contra

222 383 419 430 quoscumque
442 377 555 423 Angli-c
577 378 614 414 ὠ
639 376 770 407 Francia
799 374 916 419 Regum
937 370 1094 412 Subditos‚
1122 368 1237 413 fulmi-

215 442 306 464 natis.

199 513 383 547 Nnocentius
408 509 583 549 Episcopus,
614 507 717 538 Servus
746 505 899 537 Servorum
927 505 1004 544 Dei,
1028 501 1242 534 Venerabilibus

170 519 195 572 1
214 553 375 590 fratribus,
422 546 630 584 Londoniensi,
646 547 680 578 &
719 543 865 582 Roffenfi,
887 545 922 588 &c
1027 541 1184 587 Vasatensi,
1202 540 1243 585 E-

174 593 315 632 piscopis,
332 601 383 627 ac,
399 587 518 619 Dilecto
535 586 624 624 Filio,
640 584 740 616 Andro
759 593 799 614 no
812 583 918 614 Abbati
941 581 1110 625 Monasterii
1126 579 1243 623 Clunia-

174 631 263 662 censis
282 625 496 660 Matisconensis
515 624 658 655 Dioecesis
697 624 727 653 di
758 632 783 652 ae
804 620 982 660 Apostolicae
1001 619 1080 651 Sedis
1100 618 1246 656 Nuncio,

176 670 300 701 Salutem
314 669 347 698 &
363 664 560 704 Apostolicam
577 647 822 706 Benedictipnem.
970 697 975 703 '
1055 698 1060 702 Ι
1185 696 1191 701 ⁴

213 707 398 739 Cunctorum
422 702 561 733 fidelium
588 701 683 732 Mater
706 699 849 738 Ecclesia,
873 697 943 729 sicut
968 707 998 728 in
1019 695 1247 727 Diffenfionibus

176 747 335 782 Filiorum,
353 741 457 780 illisque
478 740 632 779 praesertim
652 749 687 771 ex
707 740 809 777 quibus
829 737 938 775 majora
957 735 1134 766 Discrimina
1156 733 1247 764 subse-

175 793 280 816 cuntur
289 805 298 821 ,
315 782 497 813 vehementer
511 779 644 818 affligitur
653 801 663 817 ,
678 778 715 808 sic
724 800 733 815 ,
751 779 781 807 in
795 785 894 807 eorum
908 774 1060 814 quaerenda
1073 774 1106 804 &
1122 771 1248 804 fovenda

177 824 306 862 Qiete,
322 819 538 851 indesinentibus
554 817 651 848 studiis
666 817 806 853 elaborat,
823 813 900 847 &ad
915 813 944 844 id
954 835 964 851 ,
981 821 1121 852 quantum
1140 810 1252 850 potest,

176 863 291 895 adhibet
307 860 364 891 suae
382 855 608 888 Mansuetudinis
632 855 786 885 lenitatem.

218 902 235 921 ¹³
256 900 364 937 Nuper
382 896 519 935 siquidem
535 896 637 934 nobis,
751 931 756 936 ι
855 929 878 934 ..

214 939 274 970 Pro
292 946 386 977 pai-te,
411 933 618 967 cariffimorum
642 933 671 962 in
687 928 804 961 Christo
829 928 968 959 Filiorum
990 925 1173 970 nostrorum,
1197 925 1253 965 Jo-

180 979 278 1010 hannis
304 977 479 1007 Francorum
503 975 536 1005 &
560 969 695 1003 Edwardi
722 967 981 1011 Angliae-Regurn
1007 964 1188 1011 Illustrium,
1203 974 1252 1002 per

180 1026 281 1049 eorum
308 1015 524 1046 Ambaxiatores
548 1012 581 1043 &
604 1010 756 1046 Nuncios,
779 1006 895 1037 fideliter
919 1011 1055 1035 intimato
1077 1003 1158 1041 quod
1180 1011 1253 1034 inter

180 1058 226 1089 Re
246 1066 274 1087 es
291 1054 383 1092 ipsOS,
401 1051 470 1083 Deo
489 1051 633 1087 Auritore,
652 1048 709 1078 Pax
725 1055 787 1088 erat⁴
797 1045 937 1088 salubriter
955 1042 1122 1080 reformata,

244 1096 284 1125 uit
302 1103 354 1131 pro
371 1099 447 1159 parltp
464 1089 591 1128 ipsorum
608 1087 751 1118 humiliter
771 1084 958 1121 iupplicatum
976 1090 1026 1119 ut,

219 1133 300 1164 Cum
317 1139 415 1161 noiinu
439 1130 449 1159 i
1099 1159 1104 1164 ⁶
1179 1158 1184 1163 Ι

218 1172 246 1202 V
249 1169 400 1201 enerabiles
414 1152 522 1198 Frzitres
535 1165 645 1203 nostri,
662 1162 898 1206 Archiepiscopi,
912 1161 946 1192 &
1050 1157 1205 1203 Episcopi,
1219 1157 1254 1189 δε

221 1208 330 1242 Dileeti
344 1207 427 1245 Filii,
443 1205 535 1237 Eieeti
550 1205 675 1235 Abbates
689 1203 722 1233 Sc
736 1202 782 1232 alii
805 1199 998 1243 Ecclesiarum
1012 1197 1254 1229 Monastenorum

183 1250 217 1280 ὃ(
238 1249 359 1279 aliorum
389 1245 522 1276 locorum
544 1240 808 1272 Eccleiiasticorum
831 1237 962 1275 Praelati,
988 1245 1071 1276 atque
1094 1236 1253 1280 RectoreS,

183 1288 308 1324 Clerici,
325 1285 358 1315 &
375 1283 503 1322 personae
518 1279 738 1318 Ecclesiasticae,
757 1279 843 1309 etiam
864 1277 895 1307 in
910 1275 1095 1314 dignitatibus
1116 1273 1255 1306 constitu-

185 1336 238 1363 tae,
257 1324 400 1355 Seculares
417 1323 451 1353 ὃ(
469 1320 639 1363 Regulares,
802 1355 808 1360 .

221 1363 351 1395 Necnon
368 1361 485 1399 Duces,
504 1358 705 1395 Marchiones,
716 1355 868 1393 Comites,
882 1353 1023 1392 Barones,
1040 1352 1175 1385 locorum
1189 1351 1256 1383 Do-

185 1403 274 1440 mini,
293 1402 327 1432 &
342 1400 387 1430 alii
404 1398 530 1430 Nobiles
543 1399 576 1429 &
592 1397 672 1426 Laici
682 1418 692 1434 ,
1115 1430 1131 1436 ..
1236 1430 1241 1435 ι

220 1441 254 1472 In
270 1440 294 1471 F
295 1440 398 1470 ranciae
413 1438 448 1469 &
462 1436 576 1477 Angliae
590 1435 696 1475 Regnis
705 1457 715 1473 ,
733 1433 779 1464 seu
791 1441 894 1463 eorum
906 1431 995 1475 altero
1004 1453 1014 1468 ‚
1037 1430 1071 1461 &
1087 1429 1146 1474 aliis
1157 1428 1257 1473 Terris

185 1479 359 1511 eorumdem
381 1477 517 1516 Regum,
534 1475 580 1507 vel
602 1474 710 1505 alterius
734 1481 836 1504 eorum
851 1471 966 1502 Ditiom
986 1468 1135 1508 subjectis,
1152 1467 1261 1500 consti-

188 1528 240 1550 tuti

228 1542 366 1588 '1³imeant
392 1554 437 1592 se,
455 1551 608 1585 occasione
628 1548 880 1587 Commissorum,
912 1554 1049 1586 praetextu
1068 1545 1263 1590 Guerrarum,

189 1606 256 1634 quae
269 1597 340 1625 inter
356 1593 451 1632 Reges
465 1592 538 1630 ipsos
553 1591 586 1622 ὃς
609 1599 708 1620 eorum
722 1587 891 1625 Complices
907 1589 941 1619 &
958 1586 1110 1623 Fautores,
1133 1585 1261 1615 Immico

189 1635 305 1665 humani
321 1635 428 1672 generis
442 1630 580 1669 faciente,
598 1628 734 1671 diuturnis
755 1627 932 1665 temporibus
952 1626 1138 1662 ingruerunt,
1156 1622 1263 1654 Poenas

189 1675 224 1706 ὃς
238 1672 375 1704 Censuras
390 1668 595 1701 Ecclei'iasticas
608 1664 771 1703 incurrisse,

228 1711 383 1742 Providere
399 1708 475 1746 ipsis,
492 1707 571 1744 super
586 1707 663 1743 hoc,
677 1705 712 1735 de
727 1712 878 1742 oportunae
893 1702 1087 1734 Absolutionis
1100 1700 1262 1739 beneficio,

197 1750 253 1781 fine
270 1759 327 1788 quo
336 1748 393 1778 Pax
410 1746 465 1785 ipsa
486 1747 534 1776 vix
556 1745 644 1776 sortiri
659 1741 753 1782 posset
769 1741 927 1781 effectum,
944 1741 980 1772 de
996 1741 1169 1782 benignitate
1183 1740 1266 1778 Apo-

192 1789 293 1820 stolicfi
307 1787 505 1826 dignaremur,

231 1827 301 1858 Nos
320 1827 423 1865 igitur,
1091 1857 1096 1863 ¹
1207 1856 1212 1862 ι

233 1866 281 1896 De
295 1866 378 1904 iplius
393 1861 614 1893 Reformatione
630 1859 730 1897 Pacis,
748 1867 834 1897 quam
849 1868 909 1889 non
926 1857 982 1889 {ine
1003 1867 1034 1887 m
1124 1855 1267 1887 laboribus

196 1905 305 1942 semper
328 1902 451 1934 studiose
475 1900 667 1941 quaesivimus,
698 1898 783 1938 digna
808 1896 955 1927 reddentes
984 1895 1041 1927 Alt'
1067 1905 1130 1925 imo
1152 1904 1269 1925 munera

195 1945 371 1980 gratiarum,
391 1942 424 1972 ὅ(
445 1948 579 1978 quantum
607 1948 666 1968 non
689 1936 782 1967 solum
804 1935 933 1966 Partibus
961 1935 1024 1974 ipfis
1047 1934 1094 1965 sed
1117 1932 1269 1976 Universae

199 1982 381 2020 Reipublicae
402 1977 566 2017 hujusmodi
589 1976 702 2008 Bonum
727 1974 808 2005 Pacis
828 1974 972 2013 expediat,
998 1981 1195 2012 quantumque
1217 1971 1268 2002 fibi

197 2022 331 2052 debeatur
354 2019 457 2050 favoris
470 2018 503 2048 &
518 2016 632 2057 gratiae,
650 2014 774 2058 benigne
817 2053 822 2058 1
891 2021 949 2052 tes,

235 2058 411 2098 Hujusmodi
427 2055 683 2094 Supplicationibus
698 2053 845 2091 inclinati,
951 2091 957 2097 '
1074 2090 1080 2098 .
1215 2089 1221 2096 ,

240 2098 289 2129 De
304 2097 472 2129 discretione
488 2093 580 2127 vestra
589 2095 618 2124 in
633 2092 728 2124 hiis&
740 2092 798 2124 aliis
809 2099 936 2131 gerentes
948 2089 1122 2123 mDomino
1136 2089 1271 2122 fiduciam

200 2139 217 2169 s
230 2137 347 2168 ecialem

210 2147 424 2213 pAbsolve’ndi,
448 2173 501 2204 hac
524 2173 608 2211 vice,
635 2169 802 2202 ausimum!
823 2168 933 2208 nostra,
955 2170 1034 2208 juxta
1051 2168 1192 2202 Ecclesiae
1212 2170 1273 2202 for-

203 2224 297 2254 mam,
321 2224 423 2245 omnes
445 2213 479 2243 &
496 2211 619 2249 singulos
639 2209 801 2248 hujusmodi
822 2208 1081 2249 Archiepiscopos,
1097 2209 1273 2250 Episcopos,

203 2254 331 2291 Eiectos,
353 2254 386 2285 &
407 2251 476 2282 alios
496 2250 650 2287 Praelatos,
678 2247 825 2287 ciericos,
842 2248 876 2279 &
896 2247 1102 2279 Ecclesiasticas
1125 2249 1272 2287 personas,

202 2303 237 2324 ac
252 2292 368 2330 Duces,
385 2290 570 2321 Marcbiones
614 2287 767 2326 Comites,
791 2286 928 2325 Batones,
952 2286 1086 2318 locorum
1110 2287 1274 2325 Dominos,

203 2331 345 2370 Nemes,
362 2331 395 2361 δε
412 2329 516 2359 Laicos
533 2329 563 2357 in
578 2312 688 2370 izegno
701 2325 817 2368 Angliae
828 2325 861 2356 ετ.
876 2325 935 2355 aliis
948 2325 1064 2365 Terris,
1080 2325 1190 2363 praefati
1211 2326 1276 2357 An-

203 2370 270 2440 {11ae
292 2369 380 2407 Regis
394 2366 507 2398 Ditioni
522 2365 670 2405 subjectis,
688 2363 886 2402 consistentes,
905 2363 939 2394 δε
961 2373 1060 2395 00111111
1082 2366 1113 2395 in
1128 2365 1181 2397 hac
1198 2373 1275 2403 parte

229 2418 244 2438 e
264 2418 345 2438 uaces

243 2418 306 2485 Qui
314 2430 477 2484 huiusmodi
491 2441 834 2474 Excommunicationum
842 2440 999 2472 Sententias
1011 2442 1045 2472 &
1055 2440 1192 2473 Censuras
1209 2443 1273 2473 alias

207 2485 371 2527 generales,
393 2494 408 2514 a
428 2483 496 2521 Jure
516 2481 561 2512 vel
577 2481 613 2510 ab
629 2480 764 2517 homine,
782 2490 842 2509 non
858 2488 954 2510 tamen
976 2479 1010 2510 ad
1033 2479 1191 2511 instantiam
1211 2481 1279 2512 Par-

206 2525 243 2554 tis
253 2547 263 2562 ,
279 2525 426 2554 occaiione
442 2528 664 2560 perpetratorum
678 2519 708 2549 in
724 2519 786 2557 ipsis
802 2517 920 2549 Guerris
942 2518 1130 2557 promulgatas
1152 2520 1280 2551 incurre-

209 2570 274 2593 runt

248 2585 386 2631 Et'etiam
402 2598 492 2636 ipsum
510 2596 620 2636 Angliae
631 2595 764 2636 Regem,
782 2595 802 2625 si
816 2605 860 2625 eas
874 2594 965 2625 forfim
982 2595 1157 2635 incurrisset,

249 2639 281 2669 Si
303 2639 360 2668 hoc
377 2638 520 2667 humiliter
536 2636 680 2673 petierint,
699 2635 735 2664 ab
757 2635 819 2671 ipiis
836 2633 983 2664 Sententiis
1000 2635 1033 2665 δε
1057 2633 1208 2673 Censuris,
1226 2636 1282 2666 im-

211 2676 302 2716 positi
316 2678 371 2714 eis,
389 2685 442 2716 pro
455 2674 545 2716 modo
560 2672 679 2717 Culpce,
697 2671 870 2703 poenitenti-a
891 2671 1045 2702 salutari&
1067 2673 1126 2703 aliis
1147 2674 1283 2712 injunCtis

231 2718 236 2722 ⁴
697 2720 714 2734 σ

211 2711 959 2794 ειδῇιῳιζῇ11111οέ11111Ξυὶξῖὲεῗεὲῗψέιῆεςηξιῖἐωίίΐοιζυ111
972 2749 1124 2793 occasione
1139 2750 1223 2781 etiam
1238 2751 1282 2781 in-

211 2800 375 2830 currerunt,
401 2791 522 2830 gratiose
552 2788 738 2826 moderandi,
770 2796 852 2826 prout
880 2787 1133 2826 circumspectioni
1165 2788 1283 2828 vestrae,

213 2831 392 2863 consideratis
408 2827 624 2860 circumstantiis
645 2827 793 2865 universis,
814 2825 1030 2857 misericorditer
1049 2826 1191 2857 videbitur
1212 2827 1283 2858 faci-

215 2870 342 2906 endum,
363 2868 474 2906 plenam
489 2868 521 2898 &
539 2867 654 2897 liberam
679 2866 781 2903 vobis,
803 2867 837 2897 &
860 2864 976 2896 cuilibet
998 2864 1126 2896 vestrum
1149 2867 1285 2897 concedi-

217 2919 297 2946 mus,
312 2916 408 2937 tenore
422 2906 618 2944 praesentium,
638 2905 817 2935 Facultatem.

250 2945 368 2977 Nostrae
385 2954 478 2975 tamen
494 2945 656 2974 intentionis
677 2943 784 2981 existit,
803 2941 882 2982 quod
907 2940 1046 2978 praemissa
1065 2943 1164 2973 omnia
1181 2943 1213 2973 &
1231 2944 1285 2974 siri-

218 2985 302 3022 gula,
319 2993 367 3022 per
382 2993 434 3013 nos
449 2981 598 3020 concessa,
616 2984 643 3012 in
661 2981 742 3017 casu,
758 2982 788 3012 in
806 2991 865 3019 quo
889 2979 947 3011 Pax
968 2980 1110 3012 sortiretur
1129 2980 1266 3013 effectum
1277 3006 1287 3022 ,

220 3026 255 3056 &
270 3023 347 3054 diter
364 3031 441 3058 non,
466 3021 650 3058 intelligantur
671 3021 733 3051 fore
748 3018 891 3050 concessa.

259 3061 327 3091 Dar.
343 3059 415 3097 apud
431 3059 536 3089 Villam
553 3058 672 3089 Novam
690 3060 862 3091 Av'mionen.
872 3057 974 3089 Dioec.
988 3058 1016 3088 ii.
1032 3056 1095 3089 Kal.
1106 3057 1194 3097 Julii,
1211 3059 1290 3090 Pon-

224 3099 344 3132 tificatus
359 3098 445 3129 nostri
462 3107 536 3128 anno
551 3097 664 3129 ottavo.

777 3174 827 3212 Jo.
845 3173 945 3204 Bellih.

896 3249 950 3280 Sub
966 3249 1034 3280 Filis
1049 3249 1241 3281 Cannabaceis.

783 3329 864 3365 Super
881 3326 984 3358 Plicam
992 3349 1003 3366 ,

931 3406 964 3435 R.
982 3403 1060 3435 Tho.
1078 3402 1230 3436 Eustachii.

243 3553 333 3587 Bulla
358 3551 394 3585 de
419 3549 536 3584 Gaudio
563 3553 598 3588 ὠ·
625 3550 823 3582 Exultatione
850 3549 940 3595 sttper
975 3553 1051 3583 Pace
1076 3550 1284 3598 gratulatoria
1294 3565 1305 3583 .-

289 3602 325 3634 de
353 3599 543 3634 Liberatione
571 3602 656 3644 Regis
684 3601 815 3631 francia
848 3601 998 3644 rogatoria
1012 3613 1020 3639 ;
1045 3603 1081 3637 ρ’.»
1105 3598 1141 3631 de
1166 3601 1305 3641 Nunciis,

290 3649 335 3682 ad
356 3647 502 3681 Inchoam
523 3657 690 3679 memorarae
705 3649 791 3679 Pacis
805 3645 982 3692 perficienda
995 3673 1004 3689 ,
1029 3645 1226 3681 remittendis.

101 3746 178 3780 Am„
191 3740 234 3773 1),
250 3732 463 3795 INnocentius
493 3730 666 3769 Episcopus,
699 3730 801 3761 Servus
832 3731 987 3762 Servorum
1015 3732 1091 3770 Dei,
1117 3731 1260 3762 cariffimo
1281 3735 1311 3763 in

124 3786 208 3824 1360.

102 3828 159 3854 An.
175 3830 218 3858 32.

106 3867 139 3890 ΓΕ,
157 3870 184 3897 3.

106 3904 147 3928 Ex
166 3903 224 3927 Au-

107 3945 173 3975 togr.

298 3770 413 3800 Christo
430 3771 519 3806 Filio,
537 3768 677 3800 Edwardo
691 3768 768 3808 Regi
783 3769 899 3807 Angliae
912 3769 1030 3808 illustri,
1044 3771 1168 3802 Salutem
1183 3772 1216 3802 δε
1232 3771 1313 3808 Apo—

254 3809 381 3840 stolicam
396 3809 637 3839 Benediffionem.
725 3844 730 3848 .

294 3847 361 3878 Vox
377 3845 561 3876 Exultationis
574 3847 607 3877 &
625 3843 748 3881 Gaudii,
767 3845 834 3874 Vox
852 3844 1040 3882 jocunditatis
1059 3848 1093 3878 &
1111 3846 1232 3876 Laetitiae
1248 3846 1318 3877 No-

255 3886 318 3923 bis,
333 3894 366 3914 ac
383 3883 524 3913 Romame
538 3884 689 3920 Ecclefiae,
714 3884 747 3914 &
763 3882 871 3924 Christi
893 3883 1017 3914 fidelium
1038 3884 1154 3922 Populis
1177 3885 1319 3925 expectata

258 3922 379 3958 diutius,
397 3931 483 3957 nuper
499 3923 608 3952 auribus
621 3921 721 3951 nostris
736 3922 876 3957 intonuit,
894 3923 927 3951 St
944 3922 1104 3952 diuturnam
1119 3922 1221 3953 nostrae
1236 3933 1315 3953 meri-

258 3964 292 3994 tis
307 3959 537 3996 amaritudinem,
576 3970 639 3989 uam
665 3960 790 3990 dolenter
814 3968 848 3989 ex
870 3958 997 3989 Fliorum
1021 3960 1181 3990 nostrorum
1203 3960 1320 3994 Dissen-

258 4001 336 4033 sione
352 3997 541 4038 gustavimus,
570 3997 721 4029 uaviil'imce
734 3998 926 4030 insinuationis
940 3997 1079 4030 beneficio
1095 3999 1261 4032 dulcoravit.

604 91 1411 148 CONVENTIONES,

1471 92 1868 143 LITERAE,

1307 178 1329 197 *²
1352 178 1434 218 Qiid
1448 180 1527 210 enim
1542 179 1631 211 laetius
1640 203 1649 218 ,
1662 187 1708 211 aut
1723 180 1848 216 suavius,
1864 177 1961 210 audire
1978 186 2131 217 potuerunt
2141 186 2220 210 aures
2234 176 2353 216 nostrae,
2365 169 2442 203 Ann-
2457 169 2500 204 D·

1268 217 1355 255 quam
1371 217 1451 256 quod
1466 218 1512 248 ille
1523 228 1618 248 rerum
1633 218 1770 249 omnium
1786 217 1956 248 Moderator

1270 265 1305 286 ce
1327 256 1424 294 locus,
1440 257 1475 289 &
1497 258 1527 287 in
1544 257 1626 294 cujus
1647 266 1734 286 manu
1757 254 1879 292 Regum
1905 255 1939 286 &

1270 293 1368 333 stunt,
1393 295 1521 326 animum
1542 303 1625 325 tuum
1649 293 1763 332 (Inclite
1786 292 1932 331 Princeps)
1952 293 1988 323 ad
2010 294 2168 326 habendam
2191 304 2280 332 curn,
2298 303 2347 323 ca—

1271 332 1380 364 riffimo
1395 334 1425 364 in
1438 332 1557 364 Christo
1574 333 1648 363 Filio
1664 331 1780 370 nostro,
1794 331 1930 370 Johanne
1942 330 2028 369 Rege
2043 332 2219 365 Francorum
2242 331 2347 364 illustri

1273 370 1383 402 Pacem
1399 382 1432 403 ac
1447 371 1647 402 Concordiam
1662 370 1825 401 inclinant?

1312 409 1450 441 Prosesto
1465 410 1582 448 Nobis,
1600 411 1634 442 &
1651 409 1782 440 universis
1797 408 1907 439 Christi
1921 408 2084 447 Fidelibus,
2102 418 2162 440 non
2178 419 2262 448 parva
2283 410 2349 448 {iig-

1276 448 1384 486 geritur
1398 448 1553 487 gratulandi
1566 449 1698 486 materia,
1714 457 1781 479 cum
1799 447 1886 486 Duo,
1901 448 1961 478 tam
1973 447 2118 487 generosi,
2136 449 2170 479 &
2203 459 2263 480 non
2282 458 2351 479 mo-

1277 486 1319 517 do
1335 486 1388 517 suis
1407 488 1437 516 in
1453 485 1566 524 Regnis
1608 486 1653 517 sed
1670 495 1732 517 toto
1753 486 1913 517 Terrarum
1931 485 2032 525 Orbe,
2050 471 2223 517 famofissimi
2243 487 2356 518 Princi-

1279 535 1342 564 pes,
1369 526 1403 556 &
1424 525 1542 556 vinculo
1565 510 1823 562 Consanguinitatis
1846 525 1972 564 astricti,
1998 535 2034 556 ex
2055 535 2178 564 quorum
2199 524 2356 558 Discordiis

1280 572 1342 602 tot,
1366 564 1438 602 proh
1462 562 1560 593 dolor!
1585 563 1644 594 tam
1665 563 1837 594 Animarum
1860 565 2002 603 pericula,
2022 566 2109 603 quam
2130 563 2298 602 Corporum
2317 574 2356 596 ac

1281 602 1396 633 Rerum
1416 602 1539 640 dampna
1559 609 1762 639 provenerant,
1779 611 1856 632 nunc
1877 602 1993 634 tandem
2013 612 2047 633 ex
2067 602 2228 634 Inimicitiis
2248 603 2302 635 sint
2323 603 2357 634 in

1283 640 1459 679 Amplexus,
1477 641 1507 670 iri
1520 638 1688 679 Colloquia,
1704 640 1738 682 sc
1755 648 1901 677 perpetuas
1916 641 2066 673 Amicitias
2082 642 2207 674 redituri.

1321 679 1465 716 Equidem
1484 677 1646 716 (Cariisime
1662 677 1724 714 Fili)
1744 677 1810 708 licet
1832 677 1867 707 ad
1888 680 2105 716 exprimendum
2129 680 2235 712 nostrae
2254 679 2360 710 mentis

1284 716 1438 755 affectum,
1456 718 1532 749 circa
1549 716 1782 747 Prosecutionem
1799 715 1961 754 hujusmodi
1982 718 2051 749 inter
2073 729 2127 750 vos
2149 717 2359 750 Reformandae

1286 755 1479 795 Concordiae,
1497 756 1620 786 minime
1636 754 1696 786 satis
1709 754 1830 785 sufficiat
1850 754 1929 785 series
1944 754 2133 796 Litterarum,
2151 757 2239 789 nostri
2259 765 2359 788 tamen

1287 796 1387 826 intima
1409 795 1531 833 pectoris
1556 795 1589 825 &
1609 794 1742 824 haerentia
1763 792 1867 824 nostris
1887 792 2051 831 praecordiis
2071 794 2219 835 desideria,
2248 796 2358 836 quanto

1288 832 1436 872 possumus
1450 831 1630 871 viscerosicis,
1653 834 1803 870 aperimus.

1327 871 1495 903 Meminifle
1509 870 1619 909 potest,
1635 881 1696 900 non
1710 872 1767 902 fine
1790 869 1985 910 compaffione
2003 870 2172 911 multiplici,
2188 881 2235 905 tua
2249 873 2361 906 Sereni-

1288 919 1328 942 tas
1343 920 1462 950 quanta,
1486 919 1520 941 ex
1540 908 1712 948 Discordia,
1729 910 1799 940 inter
1813 910 1862 940 Te
1881 910 1915 941 &
1938 909 2060 948 Regem
2082 911 2230 949 praefatum
2251 912 2361 950 exorta,

1289 951 1322 981 &
1346 951 1429 988 quiim
1451 950 1598 979 innumera
1613 946 1692 978 Mala
1706 948 1901 987 provenerint:
1928 949 2026 988 Quam
2040 949 2109 980 dura
2123 950 2157 981 &
2171 950 2264 989 aspera
2280 950 2365 982 fuerit

1289 988 1380 1020 vestra
1393 988 1566 1019 Contentio:
1586 987 1674 1025 quam
1688 985 1782 1016 multis
1795 985 1951 1024 dampnosa
1966 986 2099 1026 Populis:
2120 989 2207 1028 Qot
2220 987 2364 1020 Innocen-

1289 1027 1363 1057 tibus
1384 1026 1429 1057 Ira
1451 1025 1541 1057 vestra
1562 1025 1707 1056 nocuerit:
1733 1024 1861 1062 Quantas
1886 1024 2057 1057 Hominum
2083 1027 2194 1066 Strages
2217 1027 2364 1058 effecerit:

1291 1065 1376 1104 Quot
1390 1065 1502 1096 Rerum
1518 1064 1772 1102 Depopulationes:
1792 1063 1876 1101 Quot
1891 1063 2040 1101 Agrorum
2054 1065 2246 1098 Vastationes:
2275 1066 2365 1106 Quot

1292 1103 1441 1134 Locorum
1453 1103 1587 1134 Incendia
1599 1102 1700 1133 exinde
1716 1101 1916 1140 processerint,
1938 1109 1970 1132 ut
1984 1102 2103 1142 pudori,
2118 1114 2203 1142 prout
2216 1106 2366 1144 convenit²

1290 1141 1462 1180 deferentes,
1480 1140 1635 1172 commista
1656 1142 1769 1172 interim
1789 1140 1920 1180 Scelera,
1941 1140 2002 1171 solis
2026 1141 2164 1175 horrenda
2185 1145 2367 1183 nominibus,

1291 1190 1442 1212 taceamus.
1857 1202 1861 1206 s

1329 1219 1363 1250 In
1380 1221 1482 1258 quibus
1495 1218 1514 1249 fi
1535 1219 1630 1250 uidem
1648 1218 1733 1249 Malis
1747 1217 1793 1249 etfi
1808 1218 1882 1248 Tibi
1902 1217 2053 1250 Successus
2067 1219 2202 1257 plurimos
2222 1219 2317 1252 felices
2333 1231 2368 1252 ac

1294 1258 1415 1289 famosos
1429 1259 1518 1290 Provi
1538 1259 1612 1288 entia
1627 1256 1737 1288 summa
1751 1256 1921 1295 permiserit,
1942 1258 1972 1287 in
1994 1258 2034 1288 eis
2047 1266 2143 1289 tamen
2159 1257 2299 1290 humanos
2318 1259 2369 1291 de-

1294 1298 1404 1336 plorare
1419 1297 1510 1336 casus,
1527 1298 1561 1329 &
1577 1296 1603 1327 V
1606 1296 1680 1328 ictor
1698 1296 1792 1327 Victis
1809 1296 1956 1334 compati,
1970 1296 2004 1327 &
2029 1297 2060 1327 in
2081 1296 2144 1335 ipsis
2165 1295 2293 1328 Incertos
2306 1297 2370 1328 Bei-

1294 1337 1391 1367 lorum
1416 1336 1545 1368 Eventus
1570 1335 1743 1373 agnoscere,
1765 1335 1799 1366 &
1829 1333 1967 1365 Humana
1989 1333 2143 1367 formidare
2166 1334 2310 1374 Pericula,
2334 1337 2369 1368 ὃς

1294 1378 1382 1445 ςυὲιῃ
1403 1376 1510 1445 011Ὶ1ξγ1
1532 1383 1685 1406 momento
1700 1374 1823 1406 Fortuna
1836 1372 1956 1404 Ducum
1970 1373 2107 1414 pendeat,
2130 1374 2286 1413 intelligere
2307 1384 2370 1407 me-

1297 1422 1330 1445 rit
1410 1422 1449 1445 tui
1476 1424 1495 1445 1.
1748 1438 1754 1443 .

1333 1426 1480 1492 Jatpiioergo
1497 1461 1611 1490 tempus
1622 1450 1663 1484 est
1677 1460 1707 1482 ut
1721 1450 1803 1483 cedat
1817 1449 1887 1482 Paci
1915 1449 2084 1483 Discordia:
2111 1451 2216 1483 cedant
2229 1451 2373 1484 Amicitiis

1300 1491 1392 1523 Odia:
1410 1502 1487 1524 occu
1508 1499 1535 1523 et
1549 1491 1646 1522 locum
1662 1489 1716 1520 Irae
1734 1489 1949 1528 Tranquillitas,
1967 1489 2054 1528 sitque
2077 1491 2149 1522 inter
2162 1490 2243 1530 Vos,
2259 1491 2296 1523 de
2315 1500 2375 1522 cae-

1300 1539 1379 1570 tero,
1396 1539 1455 1562 tam
1522 1529 1614 1562 neroffi
1627 1530 1713 1568 quarn
1727 1528 1861 1560 Gloriosa
1875 1527 2054 1568 Contentio,
2073 1537 2101 1561 ut
2119 1529 2248 1569 (scilicet)
2264 1539 2326 1561 non
2337 1528 2375 1561 de

1301 1568 1432 1608 Regnis,
1448 1569 1493 1601 sed
1508 1569 1544 1600 de
1560 1567 1685 1599 Caritate
1700 1568 1818 1599 certetis.

1336 1607 1437 1647 Nam,
1457 1608 1476 1638 si
1490 1608 1574 1646 usque
1593 1607 1629 1637 ad
1642 1615 1802 1637 extremum
1815 1604 1972 1637 duraverint
1984 1605 2076 1638 Odia:
2096 1605 2117 1637 fi
2139 1616 2199 1638 non
2212 1614 2377 1646 temporum

1300 1646 1417 1678 decursu
1434 1647 1467 1677 &
1482 1645 1687 1677 Humanorum
1704 1644 1853 1676 Malorum
1865 1644 1950 1675 taedio
1969 1644 2014 1676 Ira
2032 1644 2179 1676 lentescat:
2205 1645 2224 1676 fi
2238 1646 2314 1677 nulla
2332 1646 2376 1678 fe-

1300 1695 1381 1716 roces
1395 1686 1508 1716 animos
1519 1685 1578 1716 dies
1592 1683 1733 1722 emolliat,
1749 1690 1809 1714 tota
1825 1681 1954 1713 Humani
1969 1685 2075 1722 generis
2086 1685 2143 1716 vita
2157 1686 2188 1716 in
2208 1684 2376 1717 confusione

1301 1724 1468 1762 versabitur,
1486 1722 1622 1754 concidet
1644 1721 1819 1760 Regnorum
1838 1731 1873 1752 ac
1893 1731 1987 1752 rerum
2003 1722 2180 1758 publicarum
2194 1723 2306 1763 status,
2323 1725 2375 1762 &,

1303 1762 1539 1832 quaebrnultorum
1561 1762 1666 1794 fuerint
1687 1769 1762 1801 parta
1776 1760 1937 1800 laboribus,
1955 1759 2037 1792 facile
2057 1760 2199 1793 Bellorum
2213 1761 2377 1795 Vastatione

1325 1812 1364 1833 eri
1386 1809 1445 1832 unt.

1305 1812 1324 1841 p
1343 1839 1437 1871 Nosti
1460 1839 1546 1878 quam
1568 1837 1639 1876 saepe
1662 1837 1755 1869 multis
1777 1837 1894 1869 arriserit
1915 1836 2054 1868 volubilis
2067 1838 2190 1871 Fortuna
2203 1840 2381 1879 certaminis,

1304 1889 1376 1918 quos
1392 1878 1506 1910 tandem
1524 1878 1555 1906 in
1571 1885 1703 1907 eittremae
1722 1877 1823 1907 locum
1837 1875 2010 1907 confusionis
2029 1877 2152 1909 adduxit.

1344 1917 1499 1949 Considera
1519 1914 1584 1954 (Fili
1599 1913 1759 1953 Cariffime)
1781 1915 1899 1956 Quanta
1914 1924 1949 1945 ex
1967 1914 2134 1947 Concordia
2153 1916 2245 1949 vestra
2259 1926 2383 1956 proven-

1307 1965 1366 1988 tura
1384 1957 1435 1987 sint
1453 1953 1637 1986 Commoda:
1663 1953 1750 1992 Quot
1763 1953 1923 1984 Parentibus
1938 1952 2064 1984 servandi
2084 1955 2136 1985 sint
2154 1955 2269 1987 Liberi:
2297 1956 2384 1995 Quot

1308 1995 1494 2034 Conjugibus
1502 1992 1582 2024 Viri:
1604 1993 1687 2031 Quot
1703 1992 1814 2024 inibant
1831 1991 1967 2023 mansurae
1985 1991 2037 2023 sint
2053 1991 2197 2032 Virgines:
2216 1994 2301 2034 quam
2309 1995 2386 2026 mul-

1308 2043 1346 2066 tae
1363 2036 1393 2065 in
1410 2043 1509 2065 earum
1527 2032 1687 2076 integritate
1704 2030 1894 2070 permansurae
1902 2029 2100 2070 Respublicae,
2118 2041 2201 2072 quae,
2215 2033 2300 2065 vobis
2315 2032 2386 2066 Dis-

1309 2073 1478 2111 fidendbus,
1495 2071 1655 2110 deperirent

1343 2112 1411 2152 Jam
1430 2113 1525 2150 pigeat
1549 2108 1630 2141 effiisi
1646 2093 1796 2148 S'anguinis
1830 2107 1982 2140 &futuris
1990 2105 2095 2147 MaliS,
2113 2118 2178 2149 quae
2193 2109 2277 2143 facile
2292 2111 2388 2144 valent

1309 2161 1345 2183 ex
1383 2152 1503 2182 rioribus
1520 2148 1690 2189 praevideri,
1708 2131 1820 2185 providi
1838 2147 1958 2178 Consilli
1975 2148 2130 2179 maturitate
2143 2158 2279 2187 parcatur.

1345 2162 1441 2228 l-ffaec,
1464 2188 1674 2227 proculdubio,
1700 2188 1734 2220 &
1758 2186 1828 2226 alia,
1858 2187 1960 2225 quibus
1982 2185 2018 2216 ad
2041 2187 2256 2224 exprimendam
2280 2189 2387 2222 nostrae

1312 2230 1415 2261 mentis
1433 2230 1530 2259 seriem
1547 2237 1607 2258 non
1625 2226 1687 2257 satis
1711 2224 1753 2257 est
1774 2225 1963 2257 ministerium
1982 2224 2170 2266 Litterarum,
2195 2227 2216 2258 fi
2233 2229 2307 2259 intra
2325 2228 2389 2260 Re-

1310 2270 1369 2306 giae
1393 2266 1620 2298 Mansuetudinis
1643 2264 1759 2296 claustra
1782 2264 1926 2301 revolvas,
1950 2263 2037 2295 finem
2059 2271 2105 2296 tot
2133 2264 2229 2297 futuris
2253 2265 2391 2299 Periculis

1313 2306 1474 2345 imposuiffe
1491 2305 1639 2344 gaudebis.

1351 2345 1421 2377 Nos
1440 2355 1497 2385 quo
1519 2354 1573 2383 ue,
1688 2381 1693 2384 Ι

1351 2385 1415 2423 Qui
1431 2383 1498 2415 licet
1548 2393 1581 2421 e,
1608 2381 1687 2421 super
1709 2380 1873 2421 hujusmodi
1897 2381 2074 2413 terminanda
2091 2381 2276 2421 Concordifi,
2297 2382 2392 2422 longis

1314 2433 1375 2454 non
1394 2423 1540 2454 credamus
1557 2420 1795 2452 exhortationibus
1811 2419 1957 2459 indigere,
1976 2422 2144 2460 quinimmo
2161 2421 2209 2453 Te
2233 2421 2285 2452 illis
2300 2422 2393 2453 admi-

1315 2461 1432 2500 niculis,
1448 2462 1550 2501 quibus
1563 2470 1595 2491 ea
1613 2459 1751 2503 compleri
1769 2459 1880 2492 facilius
1893 2459 2017 2498 valeant,
2033 2460 2183 2491 efficacem
2197 2459 2393 2493 daturumeffe

1315 2510 1433 2539 operam
1459 2500 1614 2530 nullatenus
1640 2498 1818 2538 dubitemus,
1848 2497 1963 2529 Paterni
1983 2507 2081 2530 tamen
2101 2498 2220 2531 affectus
2246 2501 2393 2531 continere

1315 2539 1444 2578 spiritum
1468 2548 1528 2568 non
1547 2537 1686 2576 valentes,

1364 2577 1550 2608 Serenitatem
1568 2585 1646 2607 tuam
1664 2584 1814 2613 rogamuS,
1834 2575 1967 2606 attentius
1991 2576 2026 2607 &
2050 2576 2137 2613 plenis
2158 2575 2300 2607 desideriis
2316 2575 2398 2608 obie-

1318 2625 1446 2654 cramus,
1464 2616 1593 2654 quatinus
1612 2622 1645 2645 ut
1659 2614 1794 2646 Inchoata
1811 2614 1883 2644 inter
1896 2612 1944 2644 Te
1962 2614 2014 2652 81,
2031 2613 2167 2645 dileetum
2184 2615 2305 2653 Filium,
2323 2614 2395 2646 No-

1318 2656 1406 2686 bilem
1425 2654 1549 2692 Virum,
1574 2653 1714 2684 Carolum
1733 2651 1851 2682 Ducem
1870 2651 2080 2691 Normandiae,
2101 2653 2209 2692 praefati
2227 2653 2317 2691 Regis
2334 2653 2397 2684 Pri-

1320 2693 1521 2731 mogenitum,
1539 2692 1649 2723 facilius
1665 2701 1699 2722 ac
1718 2690 1836 2722 celerius
1854 2690 1973 2728 perduci
1990 2692 2098 2722 valeant
2113 2691 2147 2723 ad
2166 2690 2322 2731 effectum,
2341 2693 2397 2724 cir-

1319 2743 1353 2763 ca
1373 2733 1584 2763 Liberationem
1601 2730 1674 2761 dicti
1690 2729 1801 2768 Regis,
1817 2738 1979 2768 promptam
1995 2729 2023 2761 se
2038 2729 2187 2762 ostendere
2193 2731 2261 2763 velit
2273 2730 2397 2764 tuaMa-

1321 2770 1485 2809 gnificentia
1501 2780 1535 2801 ac
1559 2770 1645 2800 etiam
1661 2769 1816 2799 liberalem.

1357 2809 1395 2840 Et
1421 2809 1440 2839 si
1468 2809 1542 2839 forte
1570 2808 1659 2847 (quod
1678 2807 1757 2845 absit)
1779 2807 1849 2837 inter
1869 2805 2030 2845 hujusmodi
2048 2807 2134 2839 PacIta
2151 2807 2330 2845 concordiae,
2347 2806 2400 2840 ali-

1322 2858 1376 2886 qua
1402 2847 1498 2878 forent
1522 2857 1586 2888 quae
1606 2847 1662 2885 ipsa
1681 2856 1775 2877 rerum
1803 2844 1952 2876 dlfficultas
1977 2847 2175 2877 rationabiliter
2196 2845 2353 2885 excusaret,
2377 2845 2398 2876 fi

1322 2897 1375 2924 pro
1391 2887 1535 2917 voluntate
1550 2885 1726 2916 Debentium
1749 2883 1894 2921 adimpleri
1911 2883 2049 2914 celeritate
2066 2884 2163 2915 debita
2179 2894 2240 2914 non
2257 2883 2399 2923 valerent,

1324 2925 1414 2963 Regii
1430 2934 1524 2956 tamen
1543 2925 1632 2954 animi
1650 2922 1827 2960 Magnitudo
1845 2923 1989 2959 propterea
2005 2921 2180 2953 suadentium
2191 2931 2399 2960 quorumcum-

1325 2974 1380 3002 que
1404 2965 1434 2994 in
1457 2962 1602 2994 adversum
1620 2962 1732 2993 confilia
1749 2971 1808 2992 non
1826 2960 1964 3003 attendat,
1980 2959 2043 2997 sed,
2062 2961 2093 2991 in
2109 2962 2245 2999 concepti
2262 2960 2400 2999 propositi

1325 3003 1471 3032 stabilitate
1484 3002 1648 3039 perdurans,
1667 3010 1726 3030 non
1746 3001 1839 3030 minus
1859 2998 1893 3028 ad
1910 2998 1979 3028 dieii
2001 2997 2091 3037 Regis
2106 2998 2318 3030 Liberationem
2334 3009 2399 3029 mu-

1326 3040 1443 3072 nificam
1462 3040 1488 3070 se
1505 3040 1650 3077 exhibeat,
1667 3039 1701 3070 &
1719 3037 1884 3068 foecundam
1898 3037 2049 3075 gratiarum
2073 3036 2246 3075 plenitudine
2261 3037 2288 3069 se
2304 3036 2400 3068 osten-

1327 3079 1394 3117 dat,
1419 3079 1490 3110 cum
1507 3086 1541 3109 ex
1559 3078 1741 3108 Liberatione
1761 3076 1839 3114 ipsi,
1856 3084 1939 3112 prout
1963 3074 2060 3106 sentire
2086 3085 2113 3106 te
2133 3076 2289 3115 credimus,
2314 3076 2401 3114 pluri-

1329 3127 1392 3155 ma,
1419 3126 1483 3154 quae
1507 3118 1537 3146 in
1562 3116 1642 3145 dicto
1667 3115 1805 3146 Tradiatu
1824 3114 2023 3152 continentur,
2048 3113 2257 3146 Executionern
2280 3115 2403 3145 celerem

1329 3156 1382 3186 sint
1400 3154 1518 3186 faciliter
1533 3154 1677 3192 sortitura,
1694 3163 1776 3192 quaz,
1794 3155 1812 3185 si
1829 3153 1895 3185 Rex
1911 3151 1986 3183 idem
2005 3153 2024 3172 ³¹²
2044 3152 2180 3192 Captivus
2193 3154 2340 3192 existeret,
2357 3161 2405 3184 ex·

1332 3194 1459 3232 pestatos
1476 3194 1562 3223 exitus
1576 3192 1688 3223 forsitan
1707 3202 1768 3222 non
1787 3193 1926 3223 haberent.

1373 3232 1463 3271 Qiod
1480 3240 1591 3269 autem,
1608 3231 1727 3261 diledtos
1745 3231 1844 3270 Filios,
1861 3230 1959 3261 Andru
1980 3239 2050 3261 num
2067 3230 2209 3261 Abbatem
2235 3228 2405 3261 Monasterii
2445 3235 2456 3243 “

1335 3270 1544 3307 cluniacensis,
1562 3271 1614 3308 &,
1632 3269 1773 3300 Nobilem
1792 3271 1915 3307 Virum,
1964 3277 2088 3308 ugonem
2107 3268 2143 3299 de
2161 3268 2320 3307 Gebenna,
2339 3268 2406 3300 Do-

1337 3310 1450 3340 minum
1468 3308 1504 3338 de
1523 3310 1637 3347 Auton,
1655 3308 1832 3346 Apostolicae
1839 3307 1916 3338 Sedis
1933 3307 2087 3346 Nuncios,
2104 3316 2157 3344 pro
2173 3306 2267 3338 nostra
2285 3308 2319 3338 ὃς
2335 3307 2407 3345 ejus:

1337 3347 1405 3378 dem
1425 3346 1502 3377 Sedis
1519 3347 1688 3385 reverentia,
1708 3347 1801 3384 Regia
1818 3347 1990 3383 benignitate
2014 3345 2176 3383 susceperis,
2193 3355 2349 3384 eorumque
2366 3345 2406 3377 sa-

1337 3386 1433 3417 lutaria
1441 3385 1567 3416 Consilia
1583 3386 1700 3416 audieris
1716 3386 1749 3416 &
1763 3385 1927 3416 intellexeris
1941 3383 2107 3422 diligenter,
2123 3384 2234 3421 placide
2246 3383 2407 3416 admodum

1340 3426 1373 3456 &
1392 3433 1530 3463 gratanter
1548 3426 1727 3463 accepimus,
1746 3434 1878 3462 tuamque
1894 3422 1998 3453 exinde
2012 3422 2260 3459 Magnificentiam
2274 3421 2407 3461 multipli-

1341 3465 1410 3532 citker
1428 3464 1458 3492 in
1475 3462 1611 3506 Domino
1630 3463 1879 3501 commendantes,
1902 3461 1991 3499 plenis
2004 3460 2094 3498 ipsam
2112 3461 2300 3499 persequimur
2316 3460 2408 3492 afflo-

1342 3512 1371 3532 111
1394 3513 1425 3532 US
1443 3510 1601 3538 gratlafssm.

1381 3540 1437 3577 Et,
1456 3542 1518 3577 quia
1542 3540 1578 3571 de
1603 3539 1725 3577 ipsorum
1748 3538 1936 3569 Nunciorurn
1960 3537 2078 3575 provida
2102 3536 2354 3575 circumspectione
2375 3545 2411 3567 ac

1344 3578 1550 3616 circumspecta
1588 3577 1713 3608 rudenti&
1732 3577 1844 3614 plenam
1869 3577 1900 3606 in
1919 3575 2056 3606 Domino
2081 3575 2213 3608 fiduciam
2236 3575 2411 3611 obtinemus,

1344 3617 1470 3657 ipsosque
1488 3618 1527 3647 tui
1576 3617 1672 3646 onoris
1686 3617 1719 3646 &
1739 3614 1865 3646 Publicae
1882 3614 2022 3645 Utilitatis
2038 3615 2168 3645 novimus
2176 3612 2336 3650 Zeiatores,
2352 3612 2413 3650 spe-

1346 3665 1435 3685 rantes
1459 3657 1489 3684 111
1506 3664 1559 3693 eo,
1586 3656 1615 3684 in
1640 3654 1717 3691 cujus
1741 3653 1783 3684 est
1802 3654 1873 3683 bene
1890 3652 2024 3683 Incohata
2045 3651 2194 3690 perficere,
2218 3660 2268 3681 eos
2283 3650 2318 3681 ad
2332 3659 2412 3681 tuam

1347 3694 1539 3761 praespmiadm²
1559 3702 1613 3730 pro
1638 3692 1715 3723 felici
1733 3692 1986 3723 consummatione
2002 3690 2109 3728 incepti
2124 3687 2416 3727 Negotii‚'duximus

1348 3740 1479 3762 semissen
1500 3742 1539 3761 OS.

1391 3770 1504 3808 Quibus
1518 3769 1597 3806 super
1611 3770 1664 3800 hiis
1674 3792 1684 3808 ,
1703 3779 1765 3807 quae
1785 3778 1836 3807 pro
1854 3776 1929 3806 parte
1937 3766 2032 3798 nostra
2045 3765 2095 3796 tibi
2112 3763 2252 3807 retulerint
2269 3764 2356 3797 fidem
2370 3768 2416 3798 in-

1351 3808 1468 3838 dubiam
1483 3808 1626 3846 praestare,
1646 3807 1794 3845 nostraque
1812 3817 1860 3844 per
1877 3806 1947 3845 ipsos
1962 3805 2074 3835 filialiter
2087 3802 2221 3840 suscipere
2236 3803 2369 3843 Monita‚
2382 3806 2418 3837 &

1353 3846 1481 3876 exaudire
1501 3845 1625 3876 Consilia
1632 3869 1642 3884 ,
1661 3846 1712 3883 &,
1735 3848 1810 3876 circa
1825 3842 1983 3882 hujusmodi
1997 3842 2160 3872 communis
2182 3842 2252 3872 boni
2268 3845 2419 3881 negotium

1355 3884 1565 3914 terminandum
1574 3906 1583 3921 ,
1600 3885 1712 3914 solicitis
1730 3882 1872 3915 intendere
1887 3881 1982 3912 studiis
1998 3880 2031 3912 &
2044 3878 2195 3912 efficaciter
2208 3881 2357 3919 providere
2371 3890 2421 3914 ve-

1356 3923 1386 3952 lit
1407 3922 1501 3958 Regia
1520 3921 1674 3953 Celiitudo.

1397 3960 1564 3997 Caeterum,
1583 3961 1647 3998 post
1666 3959 1816 3999 praedista,
1835 3957 1902 3989 scire
1926 3964 1954 3987 te
1970 3956 2103 3987 volumus
2118 3956 2216 3995 quod,
2242 3958 2304 3988 tarn
2319 3955 2356 3988 ad
2376 3955 2427 3986 sae-

1362 3998 1488 4037 pesatum
1501 3997 1634 4038 Regem,
1651 4000 1738 4037 quarn
1757 3997 1875 4028 Ducem
1894 3995 2035 4034 eundem,
2058 3995 2171 4027 eosdem
2191 3995 2328 4029 Nuncios
2348 3994 2429 4038 super

2421 4054 2434 4070 ²

1991 219 2070 256 cujus
2085 217 2174 249 faetus
2188 216 2228 247 est
2251 217 2280 247 in
2296 215 2349 246 Pa-
2388 213 2474 252 1360.

1961 240 2132 294 Principum
2151 256 2240 288 corda
2255 254 2348 286 consi-
2369 251 2435 278 Ἐάν.
2456 259 2483 287 3·

2390 287 2410 306 *⁵
2421 290 2475 316 Vi.

2398 336 2462 362 204.

2434 3149 2455 3171 *¹
2470 3149 2523 3178 v1.

2459 3197 2524 3224 ²05·
