2561 4251
206 191 262 243 81-

69 272 144 306 Arm·
159 270 202 303 D·
214 276 300 316 dem,
317 276 367 308 ubi
385 275 514 317 expedire
527 276 664 315 videritis,
683 276 800 315 publice
817 273 986 313 proclamari
1004 272 1038 303 &
1055 271 1143 302 teneri
1158 265 1280 303 faciatis3

99 320 150 350 ¹35
157 319 183 350 3-
217 316 255 348 Et
270 316 329 346 hoc
344 316 496 346 nullatenus
510 317 652 346 omittatis.
1151 346 1167 352 ..

74 354 141 380 htv.
157 360 184 389 3·
254 354 343 386 Teste
358 354 442 392 Rege
456 353 530 393 apud
544 354 587 385 W
589 353 841 390 estmonasterium‚
857 350 995 383 vicesimo
1008 349 1056 379 die
1071 347 1179 378 Martii.

930 429 983 457 Per
1000 425 1082 465 ipsum
1099 427 1204 462 Regem.

271 506 439 538 Consanssia
462 506 558 538 Brevia
576 504 928 574 diriguntigrelisugtscriptis,
944 503 995 534 sub
1016 501 1118 533 eadem
1139 498 1229 536 Data,

677 554 707 574 vi
765 553 781 574 c
817 566 826 582 ‚

255 619 401 652 Wllielmo
424 623 455 652 de
480 622 595 659 Boleun,
620 624 719 650 comiti
741 620 984 659 Norhamptom'ae,
1018 613 1178 647 Admirallo
1197 611 1285 643 Flotae

294 662 423 690 Navium
437 662 530 700 versus
540 666 635 697 partes
648 658 781 690 Boriales.

256 698 366 729 Thomae
386 699 418 728 de
446 698 522 728 Bello
541 702 654 737 Campo,
687 701 784 728 Comiti
817 698 996 733 Warrwicae,
1021 690 1180 724 Admirallo
1199 689 1285 721 Flotae

293 740 420 767 Navium
434 737 527 777 verfhs
539 745 634 774 partes
648 735 838 766 Occidentales.

255 776 451 805 Vicecomitihus
464 776 622 805 Londoniae.

263 909 324 945 Ad
345 912 458 956 Papam
476 937 485 952 ,
534 921 607 956 uper
631 912 743 944 Litem's
767 907 804 941 de
830 910 984 941 Creatione
999 907 1081 953 sita,
1106 908 1236 952 receptis.

71 1012 147 1043 Ann-
165 995 378 1051 D-PAPAE
398 995 471 1033 Rex,
487 996 547 1026 &c.

94 1060 123 1080 Χ,
297 1035 454 1065 sanctitatis
469 1034 567 1065 vestrae
582 1034 704 1072 Literas,
721 1043 786 1071 quas
799 1031 944 1063 Baetitudo
958 1029 1064 1069 vestra,
1081 1029 1118 1060 de
1133 1028 1284 1060 Crffltione

70 1060 178 1117 A132523'
217 1073 310 1105 vestra
333 1073 426 1111 felici,
447 1083 494 1110 per
517 1073 647 1104 Latorem
670 1072 844 1111 praesentium
865 1071 948 1100 nobis
969 1069 1057 1108 misit,
1075 1076 1231 1099 reverenter
1250 1068 1283 1098 &

71 1133 92 1155 E
119 1112 124 1118 “
155 1101 182 1126 7‘
218 1123 288 1144 cum
305 1112 413 1142 honore
429 1111 577 1149 condigno
593 1112 763 1148 recepimus,
781 1119 874 1140 earum
896 1118 930 1139 ue
946 1116 1042 1138 tenore
1056 1108 1123 1138 laeto
1138 1107 1225 1137 corde
1238 1106 1284 1135 dl-

70 1138 188 1194 55'02'2-
216 1151 334 1189 ligenter
354 1159 474 1189 attento,
493 1149 625 1180 Laudum
648 1149 808 1188 praeconia,
825 1148 858 1179 &
913 1148 1040 1178 ratiarum
1062 1146 1215 1182 Afflones,
1234 1144 1285 1175 Al-

71 1209 102 1231 E.
122 1215 132 1224 ,
164 1184 201 1233 η’,
219 1189 327 1221 tiffimo
343 1189 462 1219 humiles
482 1189 515 1219 ὅ(
535 1188 650 1219 devotas
671 1188 828 1224 referimus,
846 1187 911 1226 qui,
928 1185 1056 1223 Suspiriis
1075 1183 1190 1223 Sponsa:
1209 1183 1284 1222 suae,

72 1252 87 1270 ,Ι
121 1225 144 1241 ”
195 1227 200 1233 ”
220 1228 332 1259 Sanctae
347 1226 447 1257 Matris
459 1226 610 1265 Ecclesiae,
629 1226 780 1257 Viduitatis
793 1225 846 1256 suae
863 1225 981 1264 lugentis
1004 1222 1214 1260 Incommoda,
1233 1224 1283 1253 be-

94 1263 100 1270 ’
219 1268 306 1306 nigne
323 1267 514 1304 compatiens,
533 1265 611 1304 Vos,
629 1265 664 1295 ad
679 1264 826 1301 Regimen
841 1263 921 1302 ipsius
936 1262 968 1294 &
983 1262 1155 1299 Munimen,
1175 1261 1208 1291 ad
1217 1260 1285 1291 dan-

218 1305 286 1335 dam
303 1304 455 1334 Scientiam
480 1304 561 1335 Plebi
584 1303 657 1340 sure,
676 1303 709 1333 &
723 1302 904 1342 dirigendum
926 1300 1010 1339 pedes
1022 1302 1078 1339 ejus
1093 1301 1121 1331 in
1137 1301 1214 1331 viam
1229 1298 1284 1330 Pa-

217 1345 258 1375 cis
295 1343 329 1373 ad
346 1342 368 1372 F
370 1342 501 1382 astigium
517 1342 691 1380 Apostolicae
706 1340 858 1380 Dignitatis
871 1340 966 1370 erexit.

258 1367 347 1419 &ujus
360 1380 472 1411 Rumor
486 1380 638 1411 Mellifluus
653 1379 841 1415 cunctotum,
859 1379 937 1410 Sacri
953 1377 1123 1416 Baptismatis
1146 1377 1220 1408 unda
1241 1387 1285 1408 re·-

215 1430 362 1456 natorum,
380 1419 518 1459 praetaC‘tae
534 1418 632 1449 Matris
647 1418 795 1456 Filiorum,
812 1417 909 1449 Corda
920 1417 1098 1456 jubilationis
1113 1417 1146 1448 &
1163 1416 1285 1447 Laetitiae

219 1459 299 1490 Rore
315 1459 397 1488 habet
414 1459 518 1488 merito
533 1457 706 1496 perfundere.

254 1497 351 1528 Tenet
372 1506 494 1533 namque
516 1495 607 1526 nostra
629 1495 761 1534 Fiducia,
778 1495 811 1526 &
836 1494 937 1533 Populi
960 1493 1080 1531 vulgaris
1100 1493 1232 1531 Opinio,
1249 1503 1284 1523 ex

216 1535 393 1566 Constanti-e
413 1535 511 1565 vestrae
530 1535 682 1572 soliditate,
705 1534 881 1572 temporibus
905 1533 1014 1563 effluxis
1037 1532 1226 1570 praeexperta,
1250 1533 1283 1562 δε

213 1574 397 1610 laudabilium
413 1573 564 1604 Initiorum
582 1572 740 1604 vestrorum
758 1573 872 1603 indiciis
895 1571 1003 1611 sumpta
1024 1571 1163 1608 probabili
1187 1571 1283 1608 conje-

215 1612 314 1652 ctura,
328 1612 407 1652 quod
421 1612 454 1642 ad
465 1611 608 1650 justitiam
623 1612 757 1641 omnibus
771 1612 960 1649 aequanimiter
974 1609 1133 1640 faciendam
1143 1633 1153 1648 ,
1173 1608 1285 1647 Injusti-

214 1653 284 1682 tiam
307 1650 536 1690 propulsandam,
562 1650 756 1689 Errorumque
779 1649 941 1687 Rubigines
971 1648 1162 1685 extirpandas,
1188 1648 1283 1678 zelum

215 1691 312 1727 geritis
325 1689 466 1720 fervidum
479 1688 703 1727 &perfectum,
721 1687 855 1727 quodque
869 1688 1044 1725 temporibus
1067 1686 1178 1724 vestris,
1196 1687 1284 1717 veluti

216 1739 232 1759 a
249 1728 329 1759 Patre
345 1728 465 1758 Coelesti
480 1727 635 1766 praefinitis,
655 1726 728 1758 Petri
745 1726 903 1764 Navicula,
921 1727 970 1756 sub
979 1725 1102 1763 provido
1110 1725 1204 1755 vestro
1220 1724 1281 1755 Re-

217 1768 346 1803 gimine,
366 1766 507 1797 salubriter
528 1766 678 1804 dirigetur,
711 1766 748 1796 ita
767 1766 846 1803 quod
869 1765 949 1805 ipsius
970 1764 1064 1794 Rethe
1083 1762 1216 1794 Ciffionis
1239 1773 1285 1795 aut

216 1805 264 1837 Ru
286 1815 354 1836 turae
370 1815 427 1835 non
444 1805 540 1836 sentiet
554 1804 742 1835 Detrimenta.

270 1844 348 1882 psum
363 1845 467 1882 igitur,
482 1844 531 1881 qui
545 1853 594 1873 vos
609 1843 659 1874 fibi
677 1841 733 1872 Vas
755 1841 909 1872 Electionis
927 1841 959 1872 &
983 1841 1128 1871 Vicarium
1150 1841 1230 1871 suum
1252 1841 1282 1871 in

216 1882 313 1914 Terris
334 1882 435 1921 elegit,
455 1883 474 1901 ²*
494 1881 602 1912 devotis
625 1881 755 1918 precibus
774 1889 937 1918 exoramus,
963 1888 993 1910 ut
1014 1879 1091 1917 super
1113 1890 1165 1910 vos
1195 1880 1282 1910 Dona

215 1921 323 1953 Gratiae
336 1921 389 1951 suae
407 1920 592 1958 multiplicet,
610 1920 642 1950 ὃ(
661 1918 818 1949 Ecclefiam
832 1918 924 1957 suam,
943 1918 975 1948 ad
1000 1917 1131 1948 Gloriam
1152 1919 1184 1949 δε
1208 1918 1282 1948 Lau-

214 1960 282 1991 dem
298 1959 442 1990 Nominis
456 1959 513 1997 sui,
529 1959 563 1989 &
579 1958 704 1989 Salutem
732 1958 921 1994 Animarum,
938 1957 1021 1986 vobis
1043 1956 1160 1987 feliciter
1181 1958 1284 1995 guber-

214 2009 279 2029 nare
295 1998 452 2034 concedat,
471 2006 501 2028 ut
518 1996 596 2027 Oves
610 1996 716 2033 Gregis
731 1996 771 2026 sui
788 1995 916 2026 Errantes
931 1996 965 2027 &
982 1994 1140 2033 Dispersm,
1161 2006 1208 2032 per
1223 1995 1283 2025 san-

214 2038 293 2069 ctam
309 2037 427 2067 vestram
444 2035 552 2066 Curam
567 2036 600 2066 ὃς
615 2034 832 2065 Solicitudinem
851 2034 938 2064 Viam
955 2034 1083 2064 Veritatis
1104 2033 1283 2071 cognoscem

215 2084 255 2107 tes
292 2076 436 2106 humiliter
451 2074 561 2105 redeant
581 2073 614 2104 ad
633 2073 728 2103 Ovile.

252 2099 400 2145 Caeterum
415 2113 538 2151 Pacem,
555 2114 628 2143 inter
645 2112 714 2142 Nos
731 2112 764 2142 &
789 2111 985 2142 Adversarium
1008 2110 1134 2141 nostrum
1155 2110 1283 2141 Franciae

214 2153 441 2189 reformandam,
461 2161 544 2190 quam
569 2161 617 2188 per
639 2151 707 2181 alios
730 2150 829 2180 vestra:
846 2150 1005 2180 sanctitatis
1030 2150 1136 2187 Apices
1153 2150 1234 2187 (quos
1248 2159 1282 2180 ex

215 2192 360 2222 immensae
374 2191 505 2222 Bonitatis
524 2189 625 2220 vestrae
640 2189 788 2219 dulcedine
804 2191 936 2219 novimus
949 2187 1096 2225 emanasse)
1118 2190 1200 2218 nobis
1214 2187 1282 2219 affe-

208 2231 258 2261 Ctu
274 2239 387 2268 paterno
400 2229 557 2260 Clementia
571 2227 659 2258 vestra
676 2228 818 2266 persualit,
837 2227 944 2259 nedum
961 2237 1029 2257 cum
1053 2227 1132 2265 Ipso,
1149 2227 1184 2257 set
1207 2237 1273 2257 cum

211 2269 357 2299 Omnibus
373 2268 430 2298 aliis
448 2268 548 2298 habete
562 2266 672 2304 semper
688 2268 866 2304 optavimus,
887 2267 919 2296 ἃ
936 2264 1014 2303 vias,
1032 2277 1080 2305 per
1094 2276 1160 2305 quas
1173 2266 1280 2296 adeam

212 2308 355 2345 pollemus
380 2308 538 2344 attingere,
557 2305 707 2342 diligenter
733 2306 930 2342 quaeiivimus,
948 2303 1165 2342 interventuque
1183 2304 1280 2335 vestr-,e

208 2347 348 2414 &enignae
374 2345 553 2376 Persuasionis
576 2343 740 2380 hujusmodi
765 2344 928 2381 propentius
952 2353 1074 2382 quaerere
1101 2344 1232 2381 cupimus
1250 2344 1279 2374 in

224 2394 344 2414 uturum.

250 2423 296 2453 Ad
315 2421 561 2452 Reformationem
577 2420 661 2450 etiam
685 2428 787 2457 optatae
803 2419 884 2450 Pacis
906 2419 1024 2450 celerius
1045 2419 1174 2456 expedire
1188 2420 1279 2451 credi-

213 2471 275 2491 mus
289 2460 471 2498 optinendam
482 2482 491 2496 ,
506 2467 535 2488 ut
549 2457 639 2488 vestra
653 2457 829 2496 Humanitas,
847 2458 882 2488 de
896 2458 1062 2488 Concordia
1078 2458 1214 2488 Filiorum
1224 2483 1232 2498 ,
1249 2467 1279 2490 ut

213 2498 400 2536 confidimus,
419 2499 465 2535 pie
481 2497 611 2535 sollicita,
630 2498 785 2535 interponat
801 2498 833 2527 ad
848 2497 923 2535 hoc,
941 2505 1010 2527 cum
1033 2496 1176 2535 efficacia,
1195 2498 1280 2528 Solli-

213 2538 346 2569 citudinis
360 2537 413 2566 suae
429 2544 528 2574 partes.

249 2575 406 2605 Conservet
418 2585 469 2604 vos
484 2573 651 2611 Altiffimus,
673 2573 706 2604 ad
724 2573 871 2611 Regimen
887 2571 1021 2603 Ecclesia:
1032 2572 1086 2603 suae
1101 2573 1213 2612 sandix,
1229 2583 1278 2612 per

211 2622 339 2651 tempora
356 2613 483 2651 prospera
498 2613 530 2643 ὃς
546 2613 686 2649 longaeva.

281 2652 348 2683 Dat.
365 2653 395 2682 in
410 2651 518 2683 Palatio
536 2650 633 2681 nostro
652 2650 777 2680 W'estm.
795 2650 933 2681 vicesimo
953 2649 999 2680 die
1016 2649 1103 2688 Junii.

68 1894 202 1934 *V.753.

210 2780 316 2812 Litera
342 2777 538 2824 Rffwsklis,
565 2775 685 2856 direc‘botl
710 2778 810 2821 Papia,
837 2774 929 2821 fitper
963 2773 1152 2807 Liberatione
1173 2776 1278 2812 Karoli

684 2837 697 2856 e
723 2826 814 2874 Blays.

65 2924 141 2955 Arm,
158 2922 198 2954 D⁸
213 2912 422 2968 SAnffiffimo
437 2913 464 2941 in
481 2909 598 2941 Christo
612 2909 686 2940 Patri
710 2910 742 2940 &
763 2908 912 2948 Domino,
931 2909 1067 2939 Domino
1091 2909 1278 2948 Innocentio,

85 2973 99 2993 1
123 2972 170 3001 53,
267 2951 376 2981 Divina
396 2949 597 2988 Providentia.²
620 2948 800 2979 sacrosanctae
821 2948 963 2979 Romana:
985 2959 1018 2978 ac
1041 2948 1195 2978 universalis
1219 2948 1278 2978 Ec-

63 2972 119 3030 Ληῗ
136 3011 181 3037 ,7,
211 2990 301 3023 clefiae
329 2990 450 3020 Summo
476 2987 629 3026 Pontifici,
654 2986 823 3030 Edward-us,
851 2987 951 3018 eadem
979 2987 1087 3025 gratia,
1114 2986 1175 3016 Rex
1194 2986 1278 3017 Pran-

66 3046 132 3079 53,
212 3031 266 3061 ciae
291 3029 324 3060 δε
351 3027 485 3066 Angliae‚
511 3028 545 3059 δε
569 3025 715 3056 Dominus
741 3024 904 3065 Hiberniae,
930 3026 1031 3056 devota
1054 3024 1166 3055 Pedum
1184 3025 1278 3056 oscula

233 3076 367 3099 eatorum.

65 3083 140 3155 {on}
151 3089 197 3147 ²731
212 3069 232 3100 b
247 3105 405 3137 Sanctitatis
421 3103 520 3135 vestrae
540 3103 661 3141 LiteraS,
685 3102 735 3133 sub
750 3101 837 3133 sanasti
862 3101 946 3133 vestri
963 3102 1088 3132 nominis
1107 3101 1186 3132 Bulla
1203 3102 1278 3133 clau-

69 3166 96 3193 3‘
211 3145 303 3214 saslg'er
320 3192 385 3221 quas
408 3179 497 3212 vestra
516 3179 677 3217 Benignitas
700 3189 750 3209 nos
771 3189 804 3208 ro
827 3179 900 3216 avit,
917 3186 947 3208 ut
970 3187 1058 3216 cum,
1077 3177 1184 3208 Nobili
1197 3181 1278 3218 viro,

213 3221 323 3253 Kar-olo
345 3221 430 3251 Duce
453 3219 601 3249 Britannice
624 3220 721 3255 (quem
737 3216 771 3247 ad
823 3227 946 3247 arcerem
963 3215 1093 3246 nostrum
1109 3216 1224 3247 Bellicus
1238 3218 1279 3248 E-

211 3270 310 3292 ventus
330 3258 457 3293 adduxit)
479 3257 612 3288 vellemus
632 3257 783 3286 clementer
804 3265 903 3293 agere,
921 3255 954 3286 &
968 3255 1043 3285 circa
1065 3254 1277 3286 Liberationem

213 3301 270 3338 ejus
284 3309 335 3329 nos
349 3298 482 3328 exhibere
496 3295 675 3326 effectualiter
691 3294 845 3334 LiberaleS,

252 3337 427 3375 Recepimus
445 3342 610 3365 reverenter.

253 3377 342 3414 Super
355 3385 414 3413 quo
429 3374 499 3405 scire
511 3373 579 3403 velit
592 3370 681 3402 vestra
698 3370 869 3408 Clementia,
884 3369 963 3408 quod
977 3369 1197 3401 consideratione
1213 3370 1280 3400 Pre-

218 3423 287 3443 cum
303 3413 454 3444 vestrarum
477 3413 554 3450 (quas
573 3412 601 3440 in
620 3410 721 3447 nobis,
742 3419 875 3448 quantum
895 3410 975 3438 bono
1000 3409 1089 3438 modo
1109 3410 1278 3446 poterimus,

216 3452 317 3481 habere
340 3452 472 3482 volumus
489 3451 549 3481 vim
568 3449 707 3486 Praecepti
718 3455 725 3482 )
756 3448 833 3484 super
853 3447 1065 3477 Deliberatione
1091 3447 1160 3476 dic'ti
1181 3446 1279 3477 Karoli

215 3489 273 3520 effe
290 3490 436 3527 volumus,
461 3497 490 3520 ut
509 3488 663 3524 convenit,
689 3485 849 3524 Gratiores3
875 3487 958 3523 parati
983 3485 1089 3522 semper
1114 3485 1148 3515 ad
1166 3495 1198 3515 ea
1217 3496 1278 3524 quae

216 3528 379 3558 sciverimus
398 3527 582 3567 acceptabilia
601 3525 683 3557 Votis
701 3524 804 3554 vestris.

252 3565 408 3596 Conservet
431 3575 482 3595 vos
508 3564 682 3601 Astiffimus,
705 3563 739 3593 ad
762 3561 908 3599 Regimen
924 3561 1060 3592 Ecclesiae
1083 3560 1137 3591 suae
1157 3561 1279 3601 sanctae,

219 3614 269 3642 per
294 3611 421 3640 tempora
438 3603 562 3640 prospera
582 3603 615 3633 ὃς
633 3603 679 3632 1011
701 3612 769 3631 zeva.

291 3641 359 3672 Dat.
377 3642 407 3670 in
423 3640 528 3671 Palatio
543 3641 639 3671 nostro
652 3640 683 3670 n
697 3640 778 3670 estm.
795 3638 931 3670 vicesimo
952 3637 998 3668 die
1012 3635 1120 3667 Martii.

239 3766 298 3796 Pro
322 3760 543 3809 Archiepifiopo
567 3759 722 3803 Eborum,
742 3762 832 3807 steper
857 3760 1046 3807 Bajulatione
1071 3761 1194 3801 Crucis,
1220 3758 1256 3793 de

611 3821 666 3840 non
689 3809 873 3851 molestando.

75 3857 152 3888 Ann.
166 3856 208 3888 D.

96 3905 180 3936 1353.
218 3892 345 3949 REX
364 3893 593 3925 Vicecornitibus
608 3892 769 3923 Londoniae
778 3893 910 3924 Salutem.

74 3939 169 3970 Aa.27
315 3931 407 3969 Cum,
423 3933 597 3963 Venerabilis
615 3931 704 3968 Pater,
718 3931 864 3968 Johannes
881 3932 1117 3970 Archiepiscopus
1134 3930 1277 3968 Eborum,

73 3977 103 3999 Ε.
116 3983 140 4009 3.
212 3970 400 4002 Cancellarius
418 3970 522 4008 noster,
540 3971 573 4000 ad
589 3980 631 4008 ea,
647 3979 708 4007 qua:
728 3969 762 3998 ad
782 3968 922 4001 Officium
942 3970 1111 4001 Cancellarii
1129 3970 1277 4010 pertinent,

73 4011 160 4047 Claus.
215 4017 298 4048 prout
316 4008 366 4038 fibi
385 4018 432 4045 per
450 4019 501 4038 nos
526 4009 697 4046 injungitur,
714 4007 876 4037 faciendum
895 4009 927 4038 δε
945 4008 1168 4045 excercendum,
1185 4007 1219 4038 δε
1233 4007 1275 4037 su-

76 4054 160 4083 27.E.
179 4060 203 4087 3.
213 4058 264 4087 per
281 4046 439 4077 directione
456 4046 652 4083 Negotiorum
674 4045 850 4082 nostrorum,
877 4046 933 4076 una
953 4057 1020 4077 cum
1037 4047 1095 4076 aliis
1112 4047 1148 4077 de
1162 4044 1273 4076 Conci-

73 4097 100 4115 m
120 4091 198 4125 23.d.
210 4088 252 4118 lio
268 4084 384 4123 nostro,
401 4084 437 4115 de
456 4084 596 4116 Mandato
613 4084 726 4122 nostro,
744 4084 881 4115 continue
899 4084 929 4115 fit
947 4084 1108 4122 intendens,

690 174 1479 231 CONVENTIONES,
1535 179 1922 232 LITERAE,

1354 262 1447 307 Vobis
1465 266 1648 304 praecipimus
1668 266 1750 305 quud
1768 265 1862 297 statim
1876 288 1888 304 ,
1910 263 1974 296 vifis
2009 263 2186 307 praesentibus
2216 262 2246 292 in
2268 260 2391 306 Civitate
2408 250 2539 285 A1¹¹¹·D·

1320 302 1472 346 praedicta,
1490 304 1523 335 &
1539 306 1568 334 in
1583 305 1730 336 Suburbiis
1745 305 1885 343 ejusdem,
1904 305 1933 333 in
1954 303 2026 332 locis
2046 303 2096 332 ubi
2109 301 2238 340 expedire
2252 300 2394 337 vrderitis,
2430 300 2514 331 1353-

1322 340 1438 384 publice
1450 342 1618 385 proclamari
1632 344 1666 374 &
1680 353 1715 374 ex
1735 351 1811 382 parte
1833 341 1929 372 nostra
1941 340 2057 371 firmiter
2071 341 2190 371 inhiberi
2203 339 2310 370 faciatis
2322 361 2331 376 ,
2355 338 2393 368 ne
2409 332 2475 359 Edv.
2495 341 2523 368 3·

1324 378 1417 446 ἓυξ,
1431 389 1466 410 cu
1480 380 1633 428 ‚uscu'mque
1646 381 1821 427 conditionis
1833 380 1878 411 seu
1894 379 1980 448 staffis
1992 379 2098 448 fugritul,
2111 378 2170 438 esub
2189 378 2269 447 gei-:avi
2284 376 2394 446 sorsisfa-

1326 441 1544 488 0&
1580 420 2013 503 resisteremus
2035 427 2080 500 ξε,
2094 426 2393 498 stranea:

1325 493 1371 523 vel
1381 493 1475 525 Alicui
1490 495 1525 526 de
1538 496 1690 530 Comitivfi
1701 498 1765 537 sua,
1781 497 1917 536 Injuriam
1926 519 1936 535 ,
1954 493 2122 525 Molestiam
2135 516 2146 532 ,
2163 493 2334 532 Dampnum
2347 502 2393 523 m·

1325 531 1394 562 ferat
1410 533 1454 563 vel
1469 533 1644 566 Gravamen.

1328 609 1334 615 ,
1364 570 1434 602 Etsi
1447 572 1533 616 Qios
1545 596 1555 612 ,
1579 573 1643 614 post
1656 573 1915 605 Proclamationern
1935 572 1969 604 &
1987 571 2194 615 Inhibitionetn
2214 568 2391 609 hujusmodi,

1325 619 1488 641 inveneritis
1504 614 1641 643 contraria
1654 613 1804 651 facientes,
1820 621 1888 643 tunc
1902 611 1960 642 Eos
1973 632 1982 647 ‚
2007 610 2063 640 sine
2082 609 2234 648 dilatione,
2251 619 2299 646 per
2313 608 2392 638 Cor-

1324 657 1394 686 pora
1403 648 1451 693 sua.
1458 650 1538 688 capi,
1557 650 1590 681 &
1604 651 1633 681 in
1650 650 1766 681 Prisona
1783 650 1879 681 nostrii
1891 650 1968 680 salvo
1989 647 2123 680 custodiri
2142 647 2249 679 faciatis
2261 670 2272 686 ‚
2294 646 2389 677 donec

1325 686 1362 717 de
1379 685 1532 719 Punitione
1548 689 1716 719 eorumdem
1727 689 1813 718 aliter
1829 689 1989 719 duxerimus
2003 686 2200 718 ordinandum.

1361 724 1449 758 Teste
1464 727 1551 766 Rege
1563 727 1638 766 apud
1650 726 1938 758 Westmonasterium
1947 749 1958 766 ,
1974 727 2070 767 primo
2083 726 2130 756 die
2144 722 2256 763 Aprilis.

2015 786 2069 814 Per
2083 786 2166 823 ipsum
2183 786 2287 822 Regem.

1360 859 1517 904 Consimile
1530 860 1617 906 Breve
1631 860 1761 908 dii-iggitur
1775 860 1949 893 Vicecomiti
1963 858 2174 899 Middelsexiae,
2192 860 2303 892 mutatis
2323 869 2388 892 mu-

1323 900 1428 937 tandis,
1447 898 1497 930 sub
1510 899 1612 930 eadem
1629 899 1714 931 Data.

1541 1036 1563 1057 αι
1590 1034 1640 1066 De
1658 1033 1817 1078 Capitaneo
1840 1034 1999 1065 Britannia
2016 1029 2187 1074 Constituto.
2406 1056 2426 1076 ς
2437 1060 2543 1095 v'754·

2407 1095 2484 1126 Ann.
2498 1095 2540 1129 D.

2408 1142 2524 1209 213235231

2409 1216 2442 1238 Ε.
2465 1220 2490 1249 3.

1395 1117 1627 1188 E}·Univergs
1634 1141 1666 1187 N
1662 1117 1806 1155 praesentes
1820 1115 1936 1147 Litteras
1950 1117 2127 1155 inspecturis,
2145 1116 2279 1149 Salutem.

1449 1167 1525 1188 cratis
1557 1158 1597 1188 υὸ
1669 1165 1700 1186 os

1359 1195 1407 1226 De
1421 1168 1569 1234 fidelitatss,
1587 1179 1742 1234 probitate,
1759 1194 1793 1225 &
1809 1193 1962 1233 industria,
1981 1193 2078 1225 directi
2092 1193 2222 1226 &fidelis
2234 1193 2393 1235 nostti‚J0-

1321 1235 1420 1266 hannis
1435 1235 1544 1265 Avenel
1560 1233 1668 1272 plenius
1680 1232 1870 1270 confidentes,
2409 1252 2435 1279 F

1362 1273 1455 1311 Ipsum
1466 1274 1626 1313 johannem
1640 1273 1670 1302 in
1686 1271 1799 1302 Ducatu
1816 1270 1913 1302 nostro
1938 1269 2088 1301 Britanniae
2107 1273 2140 1304 &
2157 1272 2277 1309 partibus
2295 1271 2392 1303 Piera·
2411 1260 2455 1315 Er.
2471 1260 2526 1318 ²73,

1323 1313 1380 1343 viae
1416 1311 1509 1343 eidem
1524 1311 1647 1341 Ducatui
1661 1310 1867 1348 adjacentibus,
1884 1310 1918 1340 &
1941 1309 1998 1339 aliis
2013 1310 2188 1348 pertinentiis
2208 1309 2261 1340 suis
2281 1312 2392 1342 univer·
2411 1309 2441 1357 g‘
2454 1299 2478 1326 3'
2527 1309 2538 1319 ”

1323 1352 1367 1421 1sis,
1385 1335 1500 1382 [ocum
1515 1349 1642 1381 nostrum
1665 1357 1808 1380 tenentem
1825 1350 1859 1381 &
1890 1346 2079 1387 Capitaneum
2105 1347 2226 1380 facimus
2247 1358 2296 1388 per
2318 1360 2393 1388 prae-
2433 1348 2439 1355 '

1334 1399 1410 1421 entes

1360 1412 1467 1458 Datites
1481 1428 1514 1458 &
1523 1426 1712 1458 concedentes
1721 1425 1814 1456 eidem
1824 1425 1946 1464 Johanni
1959 1425 2070 1466 plenam
2078 1448 2087 1463 ,
2095 1433 2192 1455 tenore
2197 1425 2373 1463 praesentium
2382 1450 2393 1466 ,

1324 1465 1495 1497 Potestatem
1508 1464 1702 1504 supervidendi
1714 1465 1813 1495 omnia
1828 1463 2105 1503 Castra,Fortalitia,
2123 1463 2157 1494 &
2170 1463 2219 1494 alia
2236 1463 2316 1495 Loca
2327 1465 2392 1502 ,sub

1324 1504 1464 1535 Potestate
1478 1504 1573 1534 nostra
1588 1504 1696 1535 ibidem
1711 1503 1873 1542 existentia,
1891 1503 1924 1534 δε
1944 1502 1980 1534 de
1997 1503 2068 1534 salva
2088 1503 2122 1534 &
2146 1502 2238 1534 secura
2253 1501 2393 1535 Custodia

1323 1543 1486 1574 earumdem
1501 1542 1667 1580 ordinandi,

1362 1582 1492 1613 Necnon
1507 1581 1678 1619 capitaneos
1691 1580 1724 1612 &
1746 1579 1886 1610 Custodes
1900 1579 2071 1610 eorumdem

1323 1631 1391 1652 neos
1403 1621 1558 1658 invenerit,
1575 1620 1611 1650 ab
1625 1619 1740 1650 Officiis
1755 1618 1806 1648 suis
1821 1619 1974 1649 amovendi
1990 1642 2000 1657 ,
2023 1619 2056 1649 &

1323 1659 1461 1698 Idoneos,
1479 1659 1547 1689 loco
1562 1668 1679 1696 eorum,
1696 1659 1823 1698 quotiens
1836 1667 1906 1695 opus
1920 1656 2016 1695 fuerit,
2036 1656 2218 1688 substituendi

1360 1697 1397 1742 Et
1415 1698 1543 1736 Omnes,
1560 1698 1608 1741 qui
1621 1697 1671 1727 fibi
1685 1697 1715 1739 in
1732 1696 1789 1739 hoc
1813 1705 1909 1733 parere
1929 1696 2124 1740 neglexerint,
2147 1679 2274 1739 aut'aiias
2288 1696 2396 1728 recusa-

1323 1734 2176 1844 33&{fflffsslss‘nsstssin‘laffigaffi,ms‘zdzuffffi²,
2192 1743 2396 1813 {ffieffiffi

1323 1824 1352 1845 vr
1373 1822 1423 1844 ent
1438 1823 1472 1844 ex
1494 1824 1508 1843 e
1540 1823 1569 1843 re

1359 1852 1396 1882 Et
1412 1824 1509 1882 omriia
1524 1835 1580 1882 alia²
1594 1851 1626 1881 &
1641 1849 1760 1888 singula,
1781 1859 1844 1888 quae
1856 1849 1890 1881 ad
1906 1848 2065 1888 hujusmodi
2081 1849 2197 1881 Locum
2209 1851 2395 1883 tenentem&

1324 1889 1511 1929 Capitaneum
1531 1890 1669 1928 pertinere
1699 1889 1849 1920 noscuntur
1861 1911 1871 1928 ,
1897 1888 2021 1919 faciendi
2039 1911 2050 1927 ,
2073 1888 2251 1928 exercendi,
2278 1889 2312 1920 &
2332 1899 2398 1921 exe-

1324 1929 1444 1968 quendi,

1361 1967 1472 1999 Damus
1494 1975 1588 1998 autem
1611 1964 1836 2005 Ar'chiepiscopis
1849 1989 1859 2004 ,
1885 1965 2049 2006 Episcopis,
2068 1964 2226 2005 Prioribus,
2247 1964 2396 2005 Ducibus,

1325 2005 1547 2037 Marchionibus
1562 2029 1570 2043 ,
1595 2004 1779 2044 ComitibuS,
1802 2004 1956 2035 Beronibus
1970 2028 1980 2043 ,
2003 2004 2036 2035 ὃ(
2057 2003 2184 2034 Personis
2206 2004 2264 2034 aliis
2282 2004 2394 2042 quibus-

1323 2055 1465 2084 cumque,
1482 2045 1511 2074 in
1527 2044 1560 2075 &
1576 2043 1613 2074 de
1628 2043 1710 2074 dietis
1727 2043 1842 2074 Ducatu
1856 2045 1889 2075 &
1905 2044 2029 2081 partibus
2042 2042 2180 2073 Pictaviae
2196 2043 2394 2083 existentibus,

1323 2092 1420 2114 tenore
1435 2083 1631 2122 praesentium,
1649 2083 1678 2112 in
1696 2081 1853 2120 Mandatis,
1872 2081 1953 2120 quod
1967 2080 2062 2112 eidem
2078 2080 2203 2120 Johanni
2219 2083 2250 2112 in
2266 2083 2395 2119 praemisa

1323 2123 1355 2153 sis
1371 2131 1500 2160 pareant,
1519 2121 1653 2151 obediant
1668 2120 1811 2151 humiliter
1825 2120 1859 2152 &
1874 2119 2028 2151 intendant.

1362 2160 1395 2192 In
1410 2161 1504 2199 cujus,
1522 2160 1582 2190 &c.
1603 2159 1736 2197 quamdiu
1750 2159 1833 2189 nobis
1847 2159 1980 2197 placuerit
1994 2159 2144 2189 duraturas.

1399 2198 1465 2230 Det.
1484 2198 1557 2238 apud
1573 2198 1612 2229 W
1618 2196 1876 2238 estmonasterium,
1891 2205 1992 2238 quarto
2005 2197 2050 2228 die
2067 2197 2177 2234 Aprilis,

2082 2255 2136 2283 Per
2155 2253 2237 2293 ipsum
2253 2257 2360 2293 Regem.

2125 1589 2195 1618 quos
2211 1580 2307 1612 minus
2325 1580 2394 1612 Ido-

2100 1619 2140 1648 'os
2162 1617 2340 1651 Sufficientes
2359 1621 2394 1651 &

1321 2384 1368 2415 De
1382 2379 1484 2414 feodis
1495 2407 1506 2422 ,
1527 2391 1581 2427 pro
1598 2377 1700 2425 Officio
1720 2380 1903 2461 Maiiaestafili
1930 2380 2046 2427 Angliae
2062 2405 2074 2423 ,
2108 2383 2140 2412 in
2155 2377 2309 2415 Hibernia
2332 2382 2392 2415 col.

1803 2441 1868 2476 tgen
1891 2441 1926 2462 ts.

1323 2514 1407 2569 RE
1417 2513 1446 2544 X
1465 2513 1596 2545 univerfis
1608 2514 1642 2545 ὃς
1657 2514 1769 2553 fingulis
1783 2513 2014 2546 vicecomitibus
2030 2514 2091 2546 &c.
2108 2513 2240 2546 Salutem.

1424 2553 1523 2584 Sciatis
1537 2553 1616 2592 quod
1626 2576 1636 2591 ‚
2409 2539 2486 2571 Ann-
2498 2539 2540 2571 D·

1355 2592 1435 2623 Cum
1446 2615 1454 2629 ,
1472 2591 1588 2622 dileetus
1603 2592 1635 2623 δε
1650 2590 1735 2621 fidelis
1749 2589 1860 2629 noster,
1877 2591 2004 2622 Thomas
2025 2590 2060 2623 de
2081 2590 2158 2622 Bello
2172 2590 2306 2630 Campo,
2326 2591 2390 2623 Co-
2429 2587 2515 2619 ¹353·

1317 2643 1376 2662 mes
1392 2631 1552 2668 warwici,
1571 2630 1603 2660 &
1630 2629 1811 2660 Marescallus
1827 2628 1942 2665 Angliae
1959 2652 1968 2668 ,
1993 2629 2169 2667 assignaverit
2183 2629 2217 2660 &
2237 2630 2388 2668 deputave-
2408 2621 2461 2646 An.
2478 2628 2523 2654 ²7·

1316 2672 1368 2709 rit,
1385 2669 1505 2700 (11166103
1524 2669 1557 2699 &
1571 2667 1664 2698 fideles
1684 2667 1791 2698 nostros
1802 2689 1812 2705 ,
1836 2667 1999 2699 Robertum
2025 2668 2061 2698 de
2077 2667 2269 2708 Gersynghale
2284 2693 2293 2706 ,
2320 2669 2389 2700 Per-
2408 2660 2439 2683 E.
2451 2666 2476 2693 3·

1317 2710 1415 2740 sonam
1425 2707 1556 2738 Ecclesiae
1564 2705 1800 2747 deRykynghale
1826 2705 2017 2737 code-fluum
2026 2706 2208 2745 Folejaumbe
2227 2707 2390 2745 johannem
2409 2698 2520 2731 1’¹⁸'·²⁷·

1317 2748 1354 2789 de
1376 2746 1525 2791 Pembrok
1540 2768 1550 2784 ,
1569 2744 1780 2788 &johannem
1793 2730 1874 2789 *Rose
1889 2768 1899 2783 ,
1922 2745 2103 2789 conjunfflm
2119 2768 2129 2782 ,
2155 2745 2188 2776 &
2208 2730 2337 2784 divisim,
2354 2746 2390 2777 ad
2409 2737 2438 2760 E.
2463 2742 2490 2770 3·
2511 2738 2537 2770 Ῑ·

1317 2792 1414 2817 omnia
1430 2785 1453 2815 F
1455 2784 1525 2815 eoda
1535 2806 1544 2821 ,
1560 2783 1592 2813 ad
1610 2784 1698 2821 ipsum
1710 2783 1857 2814 Comitem
1874 2785 1978 2815 ratione
1985 2784 2055 2815 dicti
2063 2783 2168 2815 Officii
2180 2783 2220 2815 sui
2234 2783 2388 2815 Marescal-
2414 2780 2481 2800 ¹·m‘
2494 2779 2552 2809 ¹3?

1316 2826 1335 2855 li
1351 2826 1379 2855 in
1394 2824 1486 2854 Terra
1495 2822 1588 2852 nostra
1604 2821 1753 2853 Hiberniae
1767 2823 1950 2862 pertinentia,
1968 2823 2002 2854 ad
2017 2832 2089 2862 opus
2108 2823 2189 2861 ipsius
2209 2822 2334 2854 Comitis
2349 2823 2388 2855 le-

1315 2863 1438 2894 vandum
1452 2863 1484 2893 &
1500 2861 1709 2899 colligendum,

1357 2901 1393 2932 Et
1409 2900 1442 2931 ad
1453 2910 1556 2930 omnes
1572 2899 1646 2938 illos,
1681 2901 1709 2930 ui
1726 2899 1888 2938 hujusmodi
1911 2899 2007 2930 Feoda
2026 2898 2130 2930 solvere
2141 2907 2283 2936 tenentur,
2299 2901 2333 2932 &
2355 2910 2386 2932 ea

1318 2940 1422 2971 solvere
1434 2939 1634 2976 recusaverint,
1649 2949 1663 2968 a
1699 2939 1797 2969 eadem
1814 2939 1905 2968 Feoda
1919 2937 2048 2969 solvenda
2070 2938 2123 2967 viis
2144 2937 2178 2967 &
2200 2937 2312 2977 modis,
2326 2940 2388 2977 qui—

1317 2980 1370 3010 bus
1385 2979 1420 3008 de
1431 2979 1491 3015 jure
1506 2978 1537 3008 &
1555 2977 1751 3008 rationabiliter
1768 2976 1826 3007 fieri
1839 2977 1956 3014 poterit,
1972 2975 2068 3006 distrin
2088 2975 2208 3013 endum,

1355 3018 1382 3048 V
1385 3018 1447 3047 obis
1464 3014 1625 3046 mandamus
1639 3015 1717 3053 qued
1734 3015 1858 3053 eisdem,
1876 3013 2028 3051 Roberto,
2087 3013 2218 3044 odefrido
2230 3037 2241 3053 ,
2261 3013 2385 3052 Johanni

1317 3057 1350 3087 ὅ(
1361 3056 1498 3094 johanni,
1517 3054 1548 3084 ὅ(
1563 3063 1661 3084 eorum
1674 3053 1810 3091 cuilibet,
1827 3054 1856 3083 in
1871 3051 2015 3090 praemiffis
2034 3051 2170 3083 faciendis
2190 3052 2224 3083 &
2245 3062 2385 3093 exequen-

1316 3096 1374 3132 dis,
1392 3093 1569 3124 Intendentes
1583 3092 1635 3122 sitis
1648 3092 1682 3122 ὅτ
1701 3090 1921 3128 Respondentes.

1354 3132 1386 3163 In
1401 3133 1492 3169 cuius,
1512 3132 1572 3161 &c.
1599 3128 1731 3168 quamdiu
1747 3130 1827 3166 ipfius
1841 3129 1966 3160 Comitis
1982 3128 2116 3167 placuerit
2133 3129 2281 3161 voluntati.

1319 3209 1344 3240 Α
1383 3169 1478 3218 ,Teste
1506 3168 1588 3208 Rege
1612 3168 1685 3206 apud
1718 3167 2003 3199 WVestmonasterium
2020 3190 2030 3206 ,
2054 3168 2172 3198 decimo
2195 3167 2316 3207 septimo
2338 3168 2386 3200 die

1355 3219 1432 3239 Ἴ11115.

1347 3220 1362 3248 k
1536 3245 1642 3278 David
1651 3245 1683 3274 de
1699 3246 1742 3274 W
1740 3243 1818 3275 ollore
1833 3248 1927 3283 recepit
1941 3247 2095 3284 Deputatos
2101 3241 2281 3286 fiepradistos.

1324 3329 1366 3336 ψ-
1711 3328 1726 3330 -

1342 3380 1400 3410 Pro
1414 3372 1531 3423 Jacobo
1556 3372 1731 3415 d’Audele,
1757 3372 1794 3406 de
1819 3386 1876 3405 non
1893 3372 2036 3406 veniendo
2059 3371 2104 3405 ad
2129 3372 2358 3415 Parliamenta‚

1579 3426 1615 3461 ὠ
1636 3421 1672 3454 de
1695 3434 1752 3454 non
1768 3421 1932 3455 Serviendo
1948 3425 1980 3453 in
1997 3423 2126 3455 Guerra.

1317 3508 1440 3564 REX
1456 3508 1617 3546 Omnibus,
1634 3507 1669 3538 ad
1684 3517 1754 3547 quos
1767 3507 1829 3538 &c.
1849 3505 1982 3536 Salutem.

1409 3547 1508 3578 Sciatis
1525 3546 1605 3585 quod
1617 3569 1626 3584 ‚
1643 3546 1680 3575 de
1695 3546 1783 3582 gratia
1797 3543 1892 3574 nostra
1906 3542 2033 3581 speciali,
2049 3542 2254 3581 eonceffimus,
2272 3553 2323 3582 pro
2330 3553 2383 3575 no-

1319 3588 1377 3624 bis,
1395 3586 1428 3617 &
1443 3585 1613 3616 Haeredibus
1624 3583 1742 3621 nostris,
1759 3582 1865 3613 dilecto
1878 3583 1910 3613 &
1925 3581 1999 3612 fideli
2011 3582 2127 3621 nostro,
2141 3582 2382 3622 Jacobod'Aude-

1318 3626 1343 3656 le
1357 3626 1393 3655 de
1407 3624 1520 3663 Helegh
1557 3622 1636 3661 quod
1654 3621 1723 3660 ipse,
1740 3621 1774 3651 ad
1791 3620 1904 3651 Totam
1919 3620 2018 3651 Vitam
2036 3619 2112 3652 suam
2186 3621 2274 3650 uietus
2294 3621 2325 3651 fit
2346 3621 2382 3651 de
2403 3609 2455 3632 An.
2471 3612 2515 3637 ²⁷·

1316 3662 1458 3694 veniendo
1472 3663 1506 3693 ad
1525 3647 1708 3692 barliamenta
1720 3659 1752 3690 ὅ(
1767 3658 1892 3703 Consilia
1909 3658 2018 3697 nostra,
2036 3659 2070 3690 &
2091 3643 2131 3689 1-1'
2201 3667 2250 3688 um
2273 3657 2384 3689 nostro-
2401 3646 2422 3670 Ε
2426 3663 2432 3670 “
2441 3650 2498 3707 ,3513

1318 3712 1380 3732 rum
1398 3724 1407 3739 ,
1431 3710 1464 3731 ac
1479 3702 1562 3732 etiarn
1574 3699 1607 3729 ad
1623 3697 1869 3735 Congregationes
1889 3696 2058 3737 Magnarum
2074 3697 2094 3717 ²¹²
2108 3697 2142 3727 &
2159 3695 2332 3735 Procerum,
2349 3697 2384 3728 ad
2403 3718 2423 3737 α
2498 3699 2505 3706 ·

1317 3740 1446 3771 mandata
1460 3738 1552 3769 nostra
1564 3760 1573 3775 ,
1589 3737 1633 3767 vel
1647 3735 1801 3766 Haeredum
1819 3736 1981 3767 nostrorum
1991 3759 2002 3775 ,
2017 3735 2190 3773 ubicumque
2204 3733 2348 3772 facienda,
2433 3721 2534 3753 V‘755’

1353 3777 1395 3808 Ita
1413 3778 1492 3815 quod
1510 3776 1588 3806 idem
1597 3775 1736 3813 jacobus,
1755 3774 1848 3813 quoad
1866 3776 1982 3813 vixerit,
1998 3774 2104 3804 ratione
2116 3771 2331 3815 non-Adventus
2344 3773 2385 3804 sui

1317 3816 1351 3846 ad
1379 3816 1561 3846 parliamenta
1576 3837 1586 3852 ,
1612 3813 1746 3843 Concih'a
1762 3836 1771 3851 ‚
1801 3813 1846 3844 seu
1864 3812 2110 3850 congregationes
2131 3809 2316 3849 hujusmodi,
2340 3812 2386 3842 seu

1317 3853 1472 3884 Personalis
1488 3853 1565 3883 Com
1587 3853 1709 3882 aritionis
1727 3853 1758 3882 in
1773 3852 1876 3882 eisdem
1891 3875 1902 3891 ‚
1925 3860 1974 3889 per
1994 3848 2063 3879 Nos
2077 3871 2088 3886 ‚
2113 3847 2160 3878 vel
2176 3847 2313 3880 Haeredes
2330 3859 2384 3880 no-

1319 3892 1404 3930 stros,
1423 3900 1468 3922 aut
1482 3891 1559 3921 Min'
1588 3900 1631 3921 ros
1646 3889 1753 3920 nostros
1767 3890 1975 3929 quoscumque,
1994 3896 2054 3917 non
2067 3887 2234 3926 impetatur,
2258 3887 2386 3919 occafio-

1320 3939 1399 3961 netur
1414 3929 1563 3968 aliqualiter
1577 3928 1621 3959 seu
1636 3937 1774 3966 gravetur.

1354 3967 1552 3998 Conceffimus
1571 3967 1693 4005 insuper,
1711 3977 1764 4005 pro
1781 3967 1883 4004 nobis,
1901 3965 1935 3995 &
1951 3961 2122 3993 Haeredibus
2140 3962 2242 3994 nostris
2256 3987 2267 4003 ,
2286 3963 2387 4003 praefa-

1314 4015 1346 4037 to
1361 4006 1473 4044 Jacobo
1489 4005 1568 4044 quud
1583 4005 1654 4044 ipse,
1671 4014 1734 4036 toto
1757 4013 1884 4042 tempore
1897 4002 1974 4032 Vitae
1986 4000 2042 4032 suae
2054 4024 2065 4039 ,
2094 4000 2130 4031 ad
2148 4001 2330 4034 laborandum
2349 4002 2386 4033 de

1318 4043 1448 4082 Guerra,
1465 4045 1494 4074 in
1510 4045 1633 4075 Servitiis
1649 4043 1766 4081 nostris,
1785 4043 1830 4073 vel
1845 4040 2001 4072 Haeredum
2014 4039 2191 4079 nostrorum,
2208 4040 2254 4072 seu
2269 4041 2304 4072 ad
2317 4040 2386 4070 Ho-

1319 4084 1411 4115 mines
1425 4082 1460 4115 ad
1478 4093 1574 4122 artua,
1591 4081 1778 4119 Hobelarios,
1794 4078 1841 4112 vel
1856 4079 2014 4120 Sagittarios
2028 4079 2058 4110 in
2079 4077 2242 4117 hujusmodi
2264 4078 2392 4113 servitii,

2403 3525 2477 3557 Ann.
2492 3523 2533 3556 D.

2424 3572 2509 3605 1353·
