2561 4251
13 275 88 321 Arm.
97 284 127 316 D

13 334 119 402 ῑὶέῖξῑ

8 2094 142 2130 *V11.x7.

730 199 840 240 ET
923 200 1189 241 ACTA

160 285 190 316 bi
201 284 320 316 viderint
331 281 476 320 expedire,
494 290 594 321 prout,
613 293 646 314 ex
662 283 729 314 dicti
742 283 922 316 Instrumenti
937 286 1070 325 Tenore,
1088 286 1208 317 manife-

162 324 234 354 stius,
246 325 278 355 &
292 322 399 360 pleniiis
412 321 541 351 constare
555 323 660 359 poterit
673 323 788 353 cuilibet
803 325 934 362 intuenti,

200 361 286 393 Circa
297 359 434 398 praemiffa
448 358 517 389 diffl
531 359 653 390 Domini
668 360 757 391 nostri
772 361 858 401 Regis
873 361 1052 399 Propositum
1073 363 1106 393 ὃς
1128 361 1211 392 Beni·

160 400 315 430 volentiam
327 397 430 428 eisdem
445 397 592 437 declarari,
610 399 745 437 exprimi,
764 399 797 430 ὃς
810 400 933 438 impendi
945 402 1064 438 repetitis
1079 400 1212 431 instantiis

163 445 316 468 exorantes.

197 475 344 505 Dominus
360 477 431 505 vero
446 474 541 505 noster
552 473 635 512 Rex,

196 512 347 542 Praemiffis
361 514 495 544 omnibus
509 515 542 543 &
557 512 681 550 singulis,
702 512 849 550 propositis
863 522 911 551 per
926 512 1039 544 eosdem
1054 514 1087 544 ὃς
1102 514 1211 552 oblatis,

159 551 220 582 visis
234 551 390 590 benigniter
405 552 438 582 &
453 552 547 589 pronis
559 551 668 580 auribus
683 551 845 589 Ascultatis,
863 552 1012 588 diligenter
1032 553 1213 590 Circumspe-

159 589 228 626 ἂίς,
245 590 279 620 &
302 589 399 620 debite
420 588 626 625 Consideratis,
644 587 777 619 Claustris
799 589 984 629 cordialibus,
1003 591 1102 621 intima
1117 591 1213 621 Medi-

159 628 284 666 ratione,
303 628 450 658 revolvens
463 627 550 665 quam
565 625 744 657 Generosum
760 627 790 657 sit
802 628 835 658 ὃς
858 627 981 667 Regale,
999 629 1110 659 sinceris
1130 628 1212 659 Affe-

161 665 253 696 eribus
279 665 448 705 Regalibus,
466 674 547 694 mero
567 672 648 694 motu
672 666 787 701 proprio
801 688 811 703 ,
826 667 976 705 gratantius
995 666 1130 703 dilatatis,
1147 677 1212 704 eos,

160 703 251 742 dignis
273 703 426 735 attollendo
448 702 579 733 Laudum
603 702 755 733 Praeconiis
789 705 823 735 ὃς
846 704 1008 734 Gratiarum
1022 705 1212 741 Adrionibus,

159 742 371 780 recompensare
388 741 487 771 similes
502 741 546 771 seu
562 741 692 779 majores!
715 751 858 779 quamque
872 742 902 771 lit
916 743 1031 772 Tutum
1053 743 1086 773 &
1108 741 1211 771 Indefi-

158 781 235 810 ciens
250 782 279 810 in
294 779 395 810 Arduis
411 779 443 809 ὃς
460 778 604 816 Adversis,
623 779 656 810 &
671 778 837 810 Gloriosum
851 781 878 809 in
894 779 1051 817 Prosperis,
1072 779 1208 816 Reges&

158 818 352 855 Principatum
365 825 489 848 tenentes
501 817 678 856 AlligantiaS,
695 817 902 855 Adunationes,
920 818 953 849 &
967 827 1045 855 purae
1068 817 1211 848 Dilerfi‘cio-

158 858 200 887 nis
216 855 335 886 Foedera
349 858 450 886 mutuo
463 855 609 893 copulare!

172 894 175 896 ’
197 894 250 924 Per
266 905 328 932 quae
343 893 509 931 Principum
524 895 557 925 &
573 894 742 930 Regnorum
755 891 923 929 Prosperitas
939 893 972 923 δε
988 893 1105 931 Gloria,
1123 894 1153 922 in
1169 893 1212 923 su-

159 932 247 962 blime
263 933 423 970 provectae,
441 931 518 971 grata
540 932 590 961 sibi
609 930 825 968 Tranquillitate
846 930 989 961 Laetantur
1000 953 1008 968 ,
1026 931 1209 961 Subditorum

157 971 234 1001 Salus
247 972 280 1001 &
292 971 475 1001 Incolumitas
488 969 695 1005 Procumnrur,
713 968 944 999 Adversariorum
960 968 1082 998 Malitiae
1100 969 1133 999 &
1148 978 1211 1006 per-

156 1009 243 1039 versae
260 1009 484 1039 Machinationes
500 1007 661 1037 multotiens
675 1006 892 1045 Refraenantur,
910 1009 942 1038 &
957 1006 1103 1044 postremo
1119 1006 1211 1036 infini-

157 1048 192 1077 tis
205 1047 400 1077 Periculorum
412 1045 530 1084 Jaculis,
548 1044 667 1083 praeviiis
682 1043 911 1075 Communicatis
925 1045 1058 1075 Consiliis
1072 1045 1105 1075 &
1122 1045 1210 1075 Auxi-

156 1086 214 1123 liis,
232 1087 269 1115 ne
282 1085 440 1122 impetuose
451 1083 565 1120 feriant,
583 1082 703 1113 Obviari
725 1084 758 1114 &
777 1082 945 1119 Praeveniri,
964 1083 1053 1113 exacti
1075 1084 1210 1119 temporis

157 1123 330 1154 Discrimina
352 1123 385 1154 ὃς
410 1121 605 1160 Experientia,
623 1120 723 1151 efficax
739 1121 850 1152 Rerum
867 1121 1020 1160 Magistra,
1038 1121 1157 1151 lucidius
1170 1130 1211 1152 at-

158 1161 291 1193 testantur

196 1184 353 1230 praehabita
365 1199 444 1237 super
456 1198 600 1236 praerniffis
615 1197 826 1229 Deliberatione
837 1197 955 1236 provida
970 1208 1038 1229 cum
1051 1196 1149 1236 Regni
1171 1198 1210 1228 sui

158 1237 281 1268 Praelatis
293 1239 327 1269 δε
342 1238 523 1276 Proceribus,

195 1275 275 1306 Cum
288 1276 321 1307 ὃς
333 1276 370 1306 de
383 1275 513 1305 Comuni
529 1274 657 1306 Consilio
672 1273 855 1313 eorumdem,

195 1314 265 1344 Nos
282 1314 448 1351 praedidios,
468 1313 657 1344 Willielmum
672 1313 705 1343 &
718 1312 884 1350 Thomam,

195 1353 242 1382 Ad
263 1352 498 1383 Contra-bendum
513 1376 523 1389 ,
541 1350 758 1389 Ordinandum,
778 1349 1058 1390 Consummandum,
1079 1351 1112 1382 &
1134 1347 1212 1380 suffe

158 1391 245 1422 cienti
261 1391 415 1422 Securitate
431 1389 614 1427 Vallandum,

197 1428 271 1460 Vice
291 1430 325 1460 &
346 1430 465 1459 nornine
485 1429 551 1465 suo,
570 1427 667 1464 Regni
679 1427 718 1458 sui
734 1427 864 1466 Angliae,
882 1428 915 1458 ὃς
932 1427 1132 1458 Suecefforum
1147 1425 1212 1456 suo-

159 1477 223 1497 rum
238 1469 266 1497 in
278 1467 357 1497 dieto
373 1466 499 1504 Regno,
516 1467 687 1502 Terrarum,
705 1466 738 1495 δε
752 1465 957 1496 Dominiorum
967 1465 1210 1503 ,Provinciarurn,

159 1505 365 1573 Vagiallorum,
383 1507 415 1537 ὃς
430 1504 614 1536 Subditorum
628 1504 743 1534 suorum
757 1513 1024 1542 quorumcumque,
1044 1502 1162 1533 fideliter
1176 1512 1212 1532 o·

160 1545 196 1574 be
218 1545 333 1574 ientium

196 1566 356 1619 Alliganria's
372 1605 382 1619 ,
401 1581 566 1617 Amicitias,
586 1579 775 1610 Adunationes
816 1578 1083 1610 Conscederationes
1103 1581 1209 1617 bonas,

157 1621 192 1651 δε
205 1630 281 1657 purae
301 1618 459 1650 dilectionis
479 1618 615 1653 Foedera,
633 1628 701 1648 curn
721 1602 903 1656 praescriptis,
921 1619 1026 1649 Nobili
1050 1617 1123 1648 Viro
1140 1617 1208 1647 Do-

158 1659 241 1689 mino
254 1657 384 1696 Jahasme
398 1657 533 1686 Fernandt'
551 1656 645 1686 Milite
659 1658 692 1687 ὃς
709 1657 871 1687 Venerabili
884 1658 916 1688 &
932 1657 1051 1687 discreto
1068 1656 1141 1687 Viro
1156 1659 1205 1685 Ve-

156 1695 223 1764 ἕζεο
242 1698 374 1726 Dominici
394 1695 521 1726 Cantore
544 1694 678 1726 Ecclesiae
699 1694 886 1733 Bracarensis,
919 1694 1150 1725 Procuratoribus
1172 1694 1206 1724 &

195 1735 281 1765 unciis
295 1734 498 1774 prccdistorum
513 1733 599 1773 Regis
613 1734 646 1764 &
662 1733 781 1772 Reginae
798 1734 825 1762 in
840 1733 892 1763 hac
908 1743 984 1770 parte
996 1733 1145 1770 specialiter
1157 1732 1207 1762 de-

156 1774 273 1810 putatis,
290 1774 354 1802 vice
367 1773 399 1803 ὃς
414 1772 575 1802 nominibus
588 1771 755 1811 eorumdem
765 1793 774 1808 ,
792 1771 960 1810 Regnorum
974 1773 1058 1802 etiam
1071 1771 1210 1810 Portuga-

157 1811 204 1841 liae
218 1812 251 1842 δε
268 1811 409 1849 Algarbii,
425 1811 596 1848 Terrarum,
615 1809 840 1848 Dominiorum,
859 1808 1058 1847 Vasstillorum,
1077 1811 1110 1840 &
1124 1819 1210 1839 caete-

156 1859 271 1886 rorum,
289 1848 473 1879 Subditorum
488 1858 752 1887 quorumcumque,
770 1847 849 1878 dit-tro
863 1847 938 1887 Regi
954 1847 1119 1888 Portugaliae
1140 1847 1210 1878 fide-

157 1887 219 1919 liter
232 1887 425 1918 obedientium
436 1910 445 1925 ,

197 1925 276 1956 Cum
299 1925 456 1964 adjectione
476 1926 508 1956 δε
529 1924 737 1962 interpositione
756 1923 945 1955 Clausularum
960 1949 969 1962 ,
994 1924 1188 1955 Articulorum
1202 1947 1212 1962 ,

155 1963 326 2001 Pailorum,
343 1962 598 2001 Conventionum,
616 1964 647 1993 δε
669 1961 897 2001 Conditionum,
937 1973 986 1993 uos
1009 1965 1120 2001 utrique
1144 1963 1211 1992 Par-

157 2004 197 2040 ti,
216 2004 249 2034 δε
275 2011 371 2033 earum
390 2002 619 2038 Successoribus,
638 2000 760 2039 Regnis,
777 2001 891 2039 Terris,
943 2002 1071 2039 ominus,
1090 2000 1212 2032 Provin-

159 2042 227 2079 ciis,
245 2040 390 2078 Vaffallis,
408 2041 441 2071 &
459 2039 580 2070 Subditis
598 2039 773 2076 supradic'iis,
791 2040 819 2069 in
840 2039 1046 2076 Reportatione
1064 2039 1211 2069 Commo-

160 2079 207 2117 di,
225 2079 429 2117 prosperitatis,
450 2081 465 2096 *
485 2079 518 2108 ὅ(
534 2077 678 2116 Honoris,
695 2078 790 2108 futuris
811 2078 1005 2116 Temporibus
1029 2078 1211 2116 quibuscum-

161 2128 235 2156 que,
254 2118 403 2148 viderimus
416 2116 560 2154 expedire,

197 2157 289 2188 Veros
302 2157 334 2186 &
350 2155 486 2194 legitimos
497 2153 640 2185 constituit
657 2152 856 2184 Procuratores
865 2176 874 2192 ,
892 2152 1090 2188 Negotiorum
1102 2153 1211 2185 Gesto-

157 2205 219 2233 res,
234 2196 267 2226 &
291 2193 438 2231 Organum
459 2192 546 2222 Vocis
568 2192 639 2229 suae,
660 2199 743 2229 prout
768 2193 797 2221 in
820 2191 921 2222 Literis
942 2191 1143 2223 Procuratoriis
1158 2193 1210 2222 Pa-

157 2234 296 2269 tentibus,
314 2231 380 2262 inde
402 2230 558 2267 confectis,
577 2230 688 2268 Magno
713 2230 809 2271 Sigillo
828 2230 877 2260 suo
893 2229 987 2269 Regio
1001 2231 1116 2269 sigillatis
1131 2232 1211 2268 (qua—

158 2282 222 2303 rum
244 2270 419 2308 Principium
441 2270 474 2301 &
494 2268 568 2299 Finis
589 2268 703 2299 inferius
723 2268 932 2306 deicribuntur)
954 2269 1060 2307 plenius
1081 2271 1211 2300 contine-

157 2318 211 2342 tur.

197 2347 266 2379 Nos
279 2350 350 2379 vero
358 2371 367 2386 ‚

196 2386 332 2417 Volentes
347 2384 488 2417 Mandatis
502 2384 654 2424 Regalibus
669 2383 814 2422 supradicti
828 2384 951 2415 Domini
966 2384 1051 2415 nostri
1068 2385 1161 2423 Ligii,
1177 2394 1211 2415 ex

159 2425 310 2456 Fidelitatis
331 2425 428 2455 debito
444 2448 453 2461 ,
471 2423 584 2453 firmiter
603 2422 720 2454 obedire
734 2448 743 2461 ,
761 2424 795 2454 δε
817 2433 847 2453 ea
865 2447 874 2462 ,
893 2434 956 2461 quae
975 2424 1008 2453 ad
1031 2423 1159 2454 nostrum
1182 2424 1210 2453 in

159 2464 212 2494 hac
235 2473 310 2501 parte
329 2463 453 2501 spostam
472 2461 631 2500 Officium,
648 2461 744 2493 debite
766 2461 945 2492 Executionis
968 2461 1083 2492 effectui
1104 2463 1211 2492 manci-

183 2511 228 2531 are

162 2512 182 2540 P
199 2526 308 2576 Vi'gore
321 2539 404 2569 nobis
419 2539 448 2569 in
463 2538 516 2569 liae
533 2547 608 2576 parte
621 2538 727 2569 traditae
738 2537 886 2568 Potestatis
899 2539 931 2569 &
955 2538 1071 2575 suseepti
1093 2538 1210 2577 Officii,

198 2578 379 2615 Alligantias,
396 2576 681 2615 Confoederationes,
701 2577 858 2614 Amicitias,
878 2577 1086 2614 Adunationes,
1104 2578 1137 2607 &
1158 2588 1210 2615 pu-

161 2625 200 2646 rae
215 2616 386 2646 Dileffionis
401 2615 537 2653 Foedera,
556 2625 621 2645 cum
637 2615 774 2652 praediffis
787 2614 1045 2653 Ambaffatoribus,
1063 2616 1095 2646 &
1108 2616 1144 2645 de
1165 2625 1211 2645 ex—

159 2654 252 2692 presso
265 2653 408 2684 Consensu
423 2653 605 2691 eorumdem,
621 2655 684 2683 vice
697 2655 730 2684 &
745 2654 908 2683 nominibus
926 2654 1026 2690 quibus
1047 2654 1125 2691 supra
1135 2678 1143 2691 ,
1162 2654 1211 2684 sub

162 2693 256 2723 modis
270 2693 303 2724 ὃ(
318 2692 444 2723 formulis
456 2692 568 2722 inferius
578 2692 731 2730 annotatis,
747 2692 896 2728 praehabita
912 2691 1119 2721 Deliberatione
1128 2701 1211 2721 com-

161 2732 282 2769 petenti,
301 2730 519 2768 Contrahimus,
536 2729 715 2767 ordinamus,
735 2730 882 2766 Facimus,
898 2731 931 2760 ὃ(
953 2730 1130 2767 Stabilimus,
1149 2741 1211 2767 per-

162 2769 250 2806 petuis
265 2769 437 2806 temporibus
444 2767 602 2808 ,Altisfimo
615 2767 1011 2806 concedente,inviolabiliter
1023 2768 1192 2799 observanda
1202 2790 1212 2806 ,

199 2844 244 2875 IN
264 2844 317 2874 Pa
330 2853 341 2873 1
352 2853 378 2874 M
388 2853 400 2874 1
410 2853 440 2882 s,
458 2843 631 2874 Ordinamus
646 2844 679 2875 &
692 2842 913 2874 Concordamus
935 2843 1013 2881 quod
1024 2867 1032 2882 ,
1048 2845 1119 2874 inter
1140 2854 1211 2882 prae-

162 2882 271 2913 distum
290 2882 454 2912 Dominum
469 2881 598 2912 nostrum
616 2882 787 2911 Edwardum
801 2885 896 2917 Regem
911 2882 1023 2918 Angliae
1039 2884 1210 2921 &Franciae,

163 2921 329 2952 Dominum
348 2921 517 2950 Fernandum
538 2923 630 2957 Regem
652 2919 813 2957 Portugaliae
833 2921 866 2950 ὃ(
884 2919 1029 2959 Algarbii,
1048 2922 1081 2951 ὃς
1106 2921 1212 2951 Domi—

164 2970 231 2990 nam
247 2958 433 2998 Alianoram,
451 2962 579 2995 Reginam
591 2958 625 2988 ὃς
649 2957 812 2997 Conjugem
829 2958 921 2996 suam,
938 2969 1039 2989 eorum
1062 2959 1212 2989 Successo—

164 3009 209 3028 res
231 2999 260 3028 in
278 2997 386 3028 Reonis
407 2997 546 3035 praedit‘ris
566 2995 678 3031 Angliae
699 2998 732 3028 ὃ(
752 2991 919 3034 Portugaliae
933 3020 942 3035 ,
962 2997 1078 3036 Regna,
1094 2998 1211 3036 Terras,

164 3022 517 3074 DominiafProvincias,
532 3034 682 3072 Vassallos,
700 3035 733 3065 ὃ(
747 3034 879 3065 Subditos
899 3035 1104 3073 quoscumque,
1124 3036 1211 3066 fideli-

163 3083 206 3104 ter
225 3074 388 3105 obedientes
402 3098 410 3112 ,
432 3084 511 3104 erunt
532 3073 599 3103 hinc
623 3072 688 3103 inde
708 3073 828 3103 Veraces
842 3096 850 3110 ,
874 3073 979 3104 Fidele;
994 3097 1003 3112 ,
1025 3073 1211 3113 Constantes,

165 3111 281 3143 Mutuae
299 3114 332 3143 ὃς
353 3112 499 3150 Perpetuae
521 3111 679 3149 Amicitiae,
699 3111 904 3149 Adunationes,
924 3112 1097 3150 Alligantiae,
1115 3115 1146 3144 ὃς
1160 3124 1213 3151 pu-

164 3161 204 3180 rae
224 3150 393 3180 Dilei'rionis
416 3150 551 3187 Foedera,
569 3151 620 3187 &,
636 3150 713 3180 velut
736 3150 829 3180 Amici
850 3149 955 3180 Fideles
977 3151 1009 3181 &
1023 3150 1159 3190 Veraces,
1178 3154 1211 3184 ὃς

167 3190 271 3218 mutuo
287 3189 354 3218 hinc
367 3188 431 3218 inde
447 3189 557 3218 Amicis
571 3188 679 3225 Amici,
699 3189 731 3218 ἃ
746 3187 870 3218 Inimicis
883 3189 1011 3227 Inimici,
1029 3199 1128 3220 contra
1143 3201 1211 3221 om-

165 3235 216 3256 nes
230 3225 371 3256 Homines
386 3227 434 3263 qui
447 3225 561 3263 possunt
574 3227 668 3256 vivere
691 3227 735 3256 vel
754 3228 844 3264 mori,
861 3227 1061 3265 cujuscumque
1082 3227 1212 3267 Dignita-

166 3265 216 3302 tis,
234 3263 340 3302 Statsis,
358 3263 595 3300 Praeeminentiae,
613 3264 657 3293 seu
670 3263 850 3294 Conditionis
867 3265 997 3304 existant,
1018 3276 1118 3296 eorum
1138 3268 1212 3297 Ter-

165 3312 224 3339 raS,
242 3301 359 3341 Regna,
376 3302 410 3332 ὃς
433 3300 571 3331 Dominia
584 3323 594 3338 ,
611 3302 732 3331 invicem
751 3302 777 3331 se
798 3303 930 3339 juvabunt
945 3328 954 3341 ,
973 3306 1213 3345 manutenebunt,

167 3341 201 3372 &
215 3340 400 3377 sustinebunt,
419 3349 468 3376 per
477 3339 613 3375 Terram,
632 3339 664 3369 &
678 3350 727 3376 per
743 3339 842 3378 Mare,
859 3345 976 3372 mutuo:

206 3377 418 3415 Procurabunt,
435 3378 468 3407 &
482 3387 534 3414 pro
549 3377 651 3406 viribus
662 3377 884 3416 conservabunt,
899 3379 1076 3410 Personalem
1097 3381 1212 3413 Incolu-

168 3416 313 3454 mitatem,
330 3416 529 3452 Securitatem,
548 3414 767 3453 Commodum,
784 3417 817 3446 ὅς
833 3415 1003 3456 Honorem,
1018 3418 1131 3456 Jurium
1150 3421 1213 3450 suo-

168 3464 232 3484 rum
246 3477 256 3492 ,
274 3454 419 3484 Bonorum
432 3476 442 3492 ,
461 3453 570 3483 Rerum
586 3475 596 3491 ,
613 3453 646 3483 &
668 3453 840 3483 Amicorum
853 3476 863 3491 ,
881 3455 996 3486 ubilibet
1017 3456 1214 3497 existentium,

168 3490 408 3530 Indernpnitatem
442 3491 646 3527 Salvationem,
665 3491 940 3529 Recuperationem:

208 3530 348 3567 Dampnis
361 3530 394 3560 &
408 3515 532 3567 injuriis,
552 3528 712 3567 Dedecori,
730 3529 792 3567 seu,
811 3539 839 3560 ut
854 3531 888 3560 ita
904 3531 1068 3570 loquamur,
1084 3532 1211 3574 Vilenie,

169 3579 234 3606 quse
249 3569 390 3604 sciverint,
410 3567 453 3597 vel
467 3567 549 3597 altera
563 3566 630 3596 Pars
641 3567 768 3606 sciverit,
787 3568 862 3599 alteri
876 3567 951 3599 Parti
965 3570 1128 3607 aliquotiens
1149 3572 1212 3602 imi-

167 3617 252 3644 nere,
270 3609 314 3637 seu
332 3615 431 3636 contra
443 3605 561 3634 eandem
585 3607 748 3644 excogitari,
766 3606 884 3637 Provisis
904 3607 1065 3645 Remediis,
1084 3609 1151 3639 hinc
1171 3612 1214 3640 in-

168 3645 220 3683 de,
238 3645 354 3676 fideliter
365 3652 560 3681 occurrente53
576 3641 668 3681 Parti,
683 3653 783 3674 contra
799 3654 883 3682 quarn
905 3645 984 3675 Talia
1004 3647 1216 3687 machinantur,

167 3684 254 3722 quam
269 3685 329 3714 cito
342 3680 499 3712 commode
513 3680 572 3710 fieri
586 3682 703 3718 poterit,
721 3692 770 3721 per
782 3682 903 3721 Literas,
921 3684 965 3713 vel
979 3694 1028 3721 per
1043 3684 1193 3716 Nunciurn
1204 3711 1213 3725 ,

168 3731 214 3753 aut
237 3722 293 3753 aliis
313 3720 404 3750 modis
424 3719 585 3749 melioribus
605 3721 781 3757 excogitatis,
798 3722 906 3758 integre
927 3722 961 3751 &
983 3722 1102 3758 plenarie
1118 3724 1213 3754 Reve-

166 3759 268 3799 lantes‚
286 3759 505 3790 Praemunientes
518 3780 527 3795 ,
543 3757 576 3787 &
589 3779 599 3794 ,
616 3756 695 3794 super
712 3758 855 3795 praemiffis
870 3781 880 3796 ,
898 3760 1037 3790 salubriter
1056 3760 1215 3792 Consulen-

172 3805 222 3827 tes.

205 3834 330 3873 ITEM,
348 3842 444 3866 neutra
463 3832 529 3864 Pars
549 3842 617 3864 curn
639 3832 780 3871 Inimicis,
799 3833 922 3865 AEmulis
937 3858 946 3873 ,
964 3835 1008 3867 vel
1029 3835 1215 3869 Persecutori-

174 3871 228 3903 bus
241 3872 326 3903 Partis
339 3874 448 3904 alterius
463 3873 608 3903 Amicitias
623 3871 781 3908 copulabit:

209 3910 349 3949 Scienter,
369 3913 397 3942 in
411 3912 519 3942 alterius
533 3910 619 3940 Partis
635 3909 865 3947 Detrimentum,
883 3909 1068 3950 Dampnum,
1085 3913 1130 3944 seu
1139 3913 1217 3945 Prae-

167 3947 323 3987 judicium,
340 3949 456 3987 aliquale
476 3949 576 3980 eisdem
601 3947 742 3985 InimiciS,
762 3947 886 3978 AEmulis
899 3973 907 3986 ,
924 3949 969 3979 seu
990 3950 1216 3984 Persecutoribus

170 3986 382 4025 Comunicans,
398 3997 446 4025 per
461 3988 504 4025 se,
521 3987 565 4019 vel
584 3986 668 4025 alios,
688 3985 864 4025 Consilium,
884 3987 1043 4027 Auxilium,
1061 3989 1104 4020 vel
1127 3990 1218 4022 Favo-

170 4034 246 4055 rem:

205 4060 529 4133 Eiisdetrlilqussisrlnnodo
543 4063 706 4096 confortans
714 4085 725 4102 ,
737 4072 878 4103 receptans
894 4064 924 4095 in
938 4064 1060 4104 Regno,
1077 4065 1122 4097 seu
1139 4066 1220 4108 Reg-

245 4112 295 4131 em.
362 4123 369 4130 .
415 4122 420 4129 .
493 4124 500 4131 .

1273 197 1746 241 PUBLICA.
2279 216 2306 250 9

1245 284 1305 322 nis,
1323 284 1437 321 Terris,
1456 284 1620 322 Dominiis,
1638 286 1815 323 Provinciis,
1836 287 1954 319 Locisve
1976 287 2044 326 suis,
2063 287 2232 324 confortari,
2252 297 2300 316 re—

1250 324 1370 360 ceptari,
1387 322 1510 353 sustineri
1523 324 1637 354 scienter
1653 326 1756 361 patiens
1770 325 1815 354 vel
1830 328 1948 363 morari,
1967 328 2079 363 publice
2103 327 2147 357 vel
2165 326 2296 363 occulte,

1249 361 1387 405 exquisitis
1400 362 1423 391 F
1425 363 1569 401 ignientis,
1584 362 1732 392 occasione
1747 364 1914 401 quibussibet
1931 365 1974 394 seu
1989 366 2099 395 colore:

1288 399 1425 436 fugitivis
1438 424 1447 438 ,
1466 399 1588 430 Exulatis
1603 424 1612 438 ,
1631 400 1806 431 Forbannitis
1820 425 1829 439 ,
1848 402 2027 439 praesentibus
2049 405 2081 433 ὃ(
2102 403 2214 440 futuris,
2233 402 2296 440 qui-

1250 437 1425 481 buscumque
1445 438 1594 468 occasione
1616 438 1672 468 five
1697 439 1796 477 causa,
1813 450 1829 470 a
1848 440 1969 479 Regno,
1986 451 2033 471 aut
2055 443 2090 470 ab
2104 442 2159 472 aliis
2174 441 2296 471 Provin-

1250 477 1316 512 ciis,
1335 475 1452 518 Terris,
1471 475 1631 513 Dominiis,
1649 477 1693 506 seu
1710 477 1795 508 Locis
1809 478 1964 509 alterutrius
1977 479 2143 509 eorumdem
2165 479 2297 518 Regum,

1250 512 1433 556 appellatione
1452 512 1654 555 Inimicorum,
1674 513 1878 554 AEmulorum,
1897 516 1941 546 seu
1965 516 2194 556 Persecutorum,
2212 517 2299 547 nulla<

1250 560 1328 581 tenus
1342 551 1516 594 lubincluiisg
1536 552 1608 595 Qin„
1619 553 1646 594 in
1662 552 1783 591 Regno,
1799 554 1832 584 δε
1846 556 2070 593 quibuscumque
2080 557 2175 585 Terris
2190 557 2223 586 &
2237 556 2298 586 Lo-

1250 591 1306 626 cis,
1323 589 1400 619 alteri
1422 589 1497 625 Regi
1516 589 1659 626 subjectis,
1679 590 1745 620 hinc
1766 593 1798 621 ὃς
1819 593 1882 622 inde
1905 602 2055 630 receptari,
2073 593 2195 623 sustineri
2209 594 2296 623 libere

1250 628 1359 658 valeant
1375 628 1407 657 &
1420 627 1527 664 foveri,
1547 627 1594 657 niii
1607 627 1680 657 forte
1694 629 1755 658 tales
1782 630 1915 668 Fugitivi,
1936 631 2061 668 Exulati,
2079 633 2112 661 &
2134 631 2295 661 Forbanniti

1248 665 1343 695 forent
1357 675 1409 703 pro
1424 664 1554 694 Crimine
1571 665 1655 694 Laesae
1673 664 1850 704 Magestatis,
1868 677 1897 697 ut
1923 669 2010 707 Regis
2035 671 2067 700 &
2088 670 2183 707 Regni
2200 670 2298 700 Prodi-

1247 711 1321 733 tores
1333 703 1526 734 sententialiter
1541 702 1766 742 Condempnati,
1782 714 1826 734 aut
1841 706 1902 735 alias
1917 702 2003 737 [alifer
2015 705 2128 745 saspesti
2147 707 2225 744 quod
2252 717 2300 745 per

1247 750 1296 770 eos
1319 741 1458 778 utriusque
1480 740 1566 771 Partis
1584 741 1629 770 vel
1652 741 1758 771 alterius
1779 752 1873 773 earum
1893 743 2123 783 Detrimentum,
2143 745 2294 783 Dedecus,

1247 778 1376 816 Injuriae,
1392 779 1436 808 vel
1450 778 1606 808 Discordiae
1619 782 1759 817 procurari
1774 781 1953 811 verisimiliter
1967 784 2209 822 formidentur,&
2219 785 2297 822 ideo,

1247 824 1278 845 ut
1292 814 1406 845 Inimici
1421 818 1454 847 &
1470 816 1678 858 Persecutores',
1696 817 1829 849 deberent
1843 820 1945 849 merito
1959 822 2070 858 evitari,
2089 833 2147 860 quo
2161 822 2234 853 Casu
2244 830 2298 853 una

1247 853 1329 891 Pars,
1348 865 1396 891 per
1408 854 1520 884 alteram
1535 855 1678 892 requisita,
1693 856 1773 894 tales,
1792 856 1861 887 sicut
1875 857 2039 894 praedistum
2053 860 2110 897 est,
2128 860 2161 889 ad
2181 860 2296 892 Partem

1247 893 1454 929 requirentem,
1473 892 1493 922 si
1509 902 1650 930 petantur,
1669 895 1827 932 remittere,
1844 904 1890 925 aut
1902 905 1917 924 a
1931 896 1974 933 se,
1990 897 2112 936 Regnis,
2132 898 2296 937 Doniiniis,

1246 930 1280 959 &
1292 930 1388 960 Terris
1402 931 1454 960 suis
1466 930 1617 967 expellere,
1637 931 1826 970 Forbannire,
1844 933 1876 963 &
1890 933 2045 965 Dimittere
2060 944 2192 966 teneatur.

1282 967 1296 997 I
1306 977 1353 998 Te
1365 977 1409 1006 M,
1424 969 1443 998 {i
1465 970 1613 1005 contingat
1634 967 1770 1007 Regnum
1785 970 1907 1009 alterius,
1925 971 2041 1011 Terras,
2061 973 2213 1011 Dominia,
2234 975 2294 1005 Lo-

1245 1015 1293 1044 ca,
1312 1004 1450 1044 Offendi,
1470 1006 1621 1044 Opprimi,
1640 1007 1684 1036 vel
1702 1006 1815 1044 Invadi,
1834 1019 1882 1045 per
1904 1010 2042 1048 Terram,
2058 1011 2103 1041 vel
2123 1022 2171 1049 per
2194 1012 2294 1050 Mare,

1246 1053 1295 1087 per
1317 1044 1470 1083 Inimicos,
1488 1044 1698 1082 Persecutores,
1715 1046 1760 1077 vel
1782 1045 1918 1077 AEmulos
1930 1071 1940 1086 ,
1957 1057 2003 1078 aut
2023 1049 2136 1080 eosdem
2157 1049 2293 1080 Inimicos

1246 1083 1341 1113 raitem
1355 1083 1519 1120 offendere,
1537 1083 1715 1121 opprimere,
1733 1083 1778 1114 vel
1797 1084 1928 1116 invadere
1950 1087 2114 1126 molientes,
2130 1088 2294 1118 machinan-

1247 1129 1288 1151 tes
1297 1143 1306 1159 ,
1320 1130 1368 1152 aut
1382 1121 1599 1159 quomodolibet
1613 1130 1808 1160 properanteS,

1284 1159 1321 1189 Et
1336 1159 1401 1189 Pars
1418 1160 1483 1196 alia,
1502 1159 1548 1190 vel
1563 1160 1618 1197 ejus
1633 1159 1829 1200 Succeffores,
1847 1171 1901 1199 pro
1915 1162 2028 1193 Auxilio
2044 1164 2088 1194 seu
2103 1164 2233 1195 subsidio
2241 1166 2295 1195 im-

1246 1199 1393 1234 partiendo
1414 1199 1447 1228 &
1469 1199 1487 1217 *²
1506 1197 1698 1235 impendendo
1711 1223 1719 1236 ,
1739 1200 1767 1228 in
1787 1198 1963 1232 Hominibus
1983 1202 2139 1233 Armorum
2155 1227 2164 1241 ,
2178 1204 2295 1243 Sagitta-

1247 1236 1310 1272 riis,
1326 1235 1486 1273 Bilistariis,
1504 1235 1652 1272 Navibus,
1671 1235 1766 1266 Galeis
1786 1237 1820 1267 ad
1840 1238 1982 1269 Guerram
2004 1240 2173 1272 sufficienter
2188 1252 2296 1282 praepa-

1247 1275 1324 1312 ratis,
1343 1284 1389 1304 aut
1402 1274 1455 1304 alio
1471 1283 1574 1311 genere
1588 1273 1766 1305 Defenfionis
1781 1285 1965 1315 quocumque
1986 1279 2018 1315 (li
2031 1288 2124 1310 tamen
2146 1280 2214 1311 illud
2235 1281 2298 1311 Ge-

1247 1321 1314 1349 rius,
1334 1313 1378 1342 vel
1398 1312 1511 1350 aliquod
1531 1312 1754 1350 praemifforum,
1772 1315 1801 1343 in
1822 1314 1948 1353 Regno,
1965 1326 1980 1346 a
2000 1327 2058 1354 quo
2081 1326 2098 1354 p
2128 1319 2181 1349 itur
2196 1319 2296 1358 praedi-

1248 1350 1326 1380 {turn
1341 1351 1516 1388 Subsidium,
1534 1351 1665 1381 habeatur
1680 1352 1722 1381 vel
1738 1352 1821 1382 fuerit
1836 1353 1973 1391 usitatum)
1990 1365 2038 1392 per
2052 1327 2178 1394 Paiffem,
2196 1365 2296 1389 contra

1248 1397 1333 1425 quam
1347 1388 1408 1418 talia
1422 1389 1631 1426 machinantur,
1649 1399 1698 1426 per
1712 1389 1835 1428 Literas,
1852 1391 1896 1421 vel
1909 1402 1957 1429 per
1971 1402 2061 1423 certos
2076 1393 2295 1434 Nuncios,fue-

1248 1427 1281 1456 rit
1298 1428 1437 1469 requilita,
1455 1428 1706 1465 quotienscumque
1721 1428 1753 1459 &
1767 1429 2004 1469 quandocumque
2018 1431 2094 1462 dieta
2109 1432 2191 1471 Pars,
2206 1435 2295 1465 taliter

1248 1464 1407 1502 Requiiita,
1427 1464 1501 1495 Parti
1516 1465 1694 1504 Requirenti,

1287 1504 1330 1533 Ad
1343 1504 1536 1534 defensionem
1553 1504 1598 1533 Re
1612 1506 1663 1542 ni,
1680 1513 1778 1535 contra
1792 1506 1868 1543 quod
1884 1505 2041 1545 hujusmodi
2059 1508 2215 1541 Invasiones
2223 1521 2294 1549 prae-⁸

1248 1550 1393 1579 parantur,
1410 1550 1456 1572 aut
1471 1542 1584 1572 aliarum
1626 1544 1831 1581 rovinciarum,
1848 1544 2119 1584 Dominioi·uni,vel
2135 1549 2293 1587 Locorum,

1246 1580 1280 1610 &
1297 1580 1554 1618 Recuperationem
1568 1581 1752 1618 eorumdem,
1771 1592 1819 1619 per
1834 1582 1990 1618 hujusmodi
2010 1584 2166 1615 invanones
2182 1587 2293 1625 Deper-

1245 1618 1386 1656 ditorum,
1403 1627 1503 1649 contra
1517 1620 1607 1649 dic‘tos
1625 1618 1776 1657 Iriimicos,
1795 1619 1952 1658 invasores,
1971 1621 2179 1660 Persecutores,
2198 1626 2294 1655 seuiu-

1245 1656 1345 1687 vadere
1363 1658 1407 1687 vel
1431 1658 1556 1695 persequi
1577 1658 1739 1694 molientes,
1757 1658 1956 1697 cujuscumque
1968 1660 2074 1699 Status,
2093 1660 2293 1702 Conditionis,

1245 1694 1470 1725 Praeeminenriae
1479 1719 1488 1733 ,
1507 1696 1658 1732 Digniraris
1674 1696 1788 1726 existant
1798 1718 1808 1734 ,

1278 1733 1362 1772 JuXta
1382 1733 1548 1763 Numerum
1567 1735 1599 1764 ὅ(
1625 1734 1769 1772 Modum,
1787 1736 1817 1764 in
1837 1733 1984 1765 Praeiniffis
2000 1736 2174 1768 Hominibus
2190 1737 2295 1769 Armo-

1245 1781 1327 1810 rum,
1346 1772 1570 1810 Sagittariorum,
1588 1771 1810 1810 Bilistariorum,
1829 1773 2137 1812 Navmmssueirum
2151 1777 2185 1806 ad
2200 1777 2295 1807 Guer-

1244 1820 1302 1840 ram
1323 1819 1517 1848 competenter
1540 1813 1568 1840 in
1587 1811 1722 1840 omnibus
1744 1812 1876 1849 requisitis
1899 1812 2112 1850 instructarum,
2131 1816 2163 1845 &
2185 1815 2293 1845 alterius

1244 1850 1352 1887 generis
1368 1848 1561 1886 Defensionis‚
1578 1858 1663 1884 quem
1682 1849 1770 1885 (salvis
1785 1850 1892 1887 {emper
1905 1851 2031 1881 ordinata
2046 1851 2166 1883 Caritate
2180 1854 2211 1883 &
2225 1864 2292 1891 pro-

1245 1886 1303 1924 pria
1318 1886 1501 1923 Neceffitate)
1518 1897 1533 1916 a
1548 1888 1573 1917 se
1587 1886 1737 1917 Dimittere
1749 1889 1868 1926 poterit,
1888 1889 1933 1920 vel
1947 1889 2047 1927 absque
2060 1892 2137 1928 gravi
2158 1890 2293 1930 Praejudi«

1245 1926 1292 1955 cio
1306 1924 1464 1962 Sustinere,

1245 2002 1272 2032 b·
1283 1963 1405 1994 Dictum
1419 1963 1577 1995 Subsidium
1593 1963 1668 1994 boni
1682 1963 1736 1994 fide
1750 1963 1907 2004 praestabit,
1926 1966 2112 2004 impartietur,
2129 1967 2163 1998 ὃς
2179 1967 2293 1999 manda-

1266 2010 1285 2032 it

1282 2027 1460 2079 S’umptibus,
1475 2040 1621 2078 Expenfis,
1640 2042 1673 2072 ἃ
1690 2040 1838 2078 Sripendiis
1850 2041 2044 2080 Requirentis,

1283 2078 1337 2109 Per
1359 2080 1490 2117 Quatuor
1513 2079 1649 2118 Expertos
1672 2078 1795 2117 Milites,
1813 2089 1858 2110 aut
1880 2080 1946 2110 alios
1968 2080 2102 2120 idoneos,
2118 2082 2215 2120 legales
2231 2106 2240 2122 ,
2258 2084 2291 2114 &

1245 2116 1377 2147 discretos
1400 2116 1482 2148 Viros
1505 2117 1599 2153 (Duos
1619 2125 1652 2147 ex
1669 2126 1784 2155 utraque
1800 2117 1881 2148 Parte
1895 2118 2068 2156 deputandos
2078 2121 2122 2150 seu
2137 2122 2291 2159 eligendos)

1244 2156 1374 2186 subtiliter
1387 2156 1562 2192 arbitrandis,
1579 2155 1730 2186 secundum
1745 2155 1926 2187 Personarum
1944 2158 2142 2188 mittendarum
2166 2161 2199 2190 ὃ(
2219 2160 2294 2190 Gra-

1245 2194 1333 2224 duum
1349 2194 1512 2224 earumdem
1528 2194 1718 2232 Qialitatem,
1736 2194 1917 2232 Temporum
1941 2194 2164 2234 Conditionem,
2182 2199 2216 2228 &
2235 2199 2293 2228 Fo-

1246 2242 1311 2263 rum
1338 2233 1500 2270 Locorum,
1518 2234 1545 2261 in
1571 2233 1670 2270 quibus
1685 2232 1840 2270 hujusmodi
1854 2232 2014 2265 Mittendos
2028 2234 2172 2266 Virtutem
2187 2237 2232 2267 seu
2248 2236 2293 2267 O·

1245 2281 1310 2309 pera
1324 2271 1423 2301 Bellica
1436 2271 1584 2309 contigerit
1599 2280 1761 2307 excercere,

1283 2309 1431 2347 Tempore
1446 2309 1515 2339 infra
1528 2309 1624 2347 quod,
1642 2306 1705 2346 post
1715 2308 1937 2347 Requisitionem
1953 2310 2112 2347 praedistam
2121 2335 2131 2350 ,
2152 2312 2293 2347 huiusmo-

1245 2347 1274 2378 di
1289 2347 1448 2378 Subsidium
1460 2347 1558 2377 debeat
1571 2347 1712 2384 praeparari
1724 2347 1756 2377 &
1773 2347 1913 2386 mandari,
1927 2349 2004 2385 juxra
2019 2350 2137 2379 celerem
2160 2350 2294 2381 Neceffi-

1244 2395 1329 2455 {tem
1352 2386 1437 2416 Partis
1459 2385 1640 2424 Requirentis
1654 2407 1664 2423 ,
1682 2386 1714 2416 &
1735 2385 1946 2417 Poffibilitatem
1964 2389 2185 2419 convenientem
2206 2388 2294 2420 Partis

1276 2435 1291 2454 e
1314 2425 1414 2455 uifirae·

1281 2435 1417 2493 {lacuatis-³
1424 2464 1452 2492 in
1466 2462 1597 2492 omnibus
1612 2461 1718 2492 Fraude
1733 2462 1766 2493 δε
1780 2461 1854 2492 malo
1867 2461 2004 2502 Ingenio,
2020 2463 2171 2502 AEquitatis
2183 2467 2293 2496 tramite

1247 2502 1401 2540 benigniter
1416 2502 1565 2538 extimato,

1284 2539 1327 2569 IT
1338 2548 1406 2578 EM,
1424 2539 1458 2568 ad
1471 2541 1532 2568 haec
1547 2540 1642 2568 omnia
1655 2538 1688 2568 ὃς
1704 2538 1805 2577 singula
1818 2538 1970 2576 supraditfi‘ra
1990 2539 2170 2571 effestualiter
2192 2542 2293 2572 Adim-

1245 2578 1344 2615 plenda
1365 2580 1396 2608 &
1418 2578 1532 2608 fideliter
1553 2576 1750 2606 Conservanda
1765 2599 1773 2614 ,
1799 2578 1861 2607 vice
1880 2577 1912 2607 &
1934 2578 2095 2609 nominibus
2115 2580 2293 2619 supi-adieris,

1246 2616 1330 2653 Nos,
1350 2615 1546 2646 Procuratores
1568 2615 1711 2652 praedieri,
1729 2616 1917 2651 promittimus
1938 2616 2013 2646 bona
2036 2616 2108 2655 fide,
2126 2618 2159 2647 &
2180 2620 2207 2647 in
2224 2617 2294 2647 Ani-

1247 2664 1322 2684 mam
1338 2655 1407 2684 dieti
1423 2653 1544 2684 Domini
1559 2652 1644 2682 nostri
1662 2653 1746 2688 Regis
1764 2653 1888 2691 Angla,
1904 2654 1982 2683 raetis
1997 2654 2179 2685 SacrolanStis
2203 2656 2295 2686 Evan-

1246 2693 1339 2730 geliis,
1355 2694 1477 2729 juramus
1500 2692 1577 2729 quod
1600 2692 1678 2738 ipse,
1690 2691 1834 2720 Dominus
1853 2691 1945 2722 noster
1960 2692 2040 2731 Rex,
2060 2693 2236 2733 Alligantias,
2254 2695 2294 2725 A-

1246 2732 1361 2760 micitias
1375 2754 1384 2769 ,
1413 2730 1601 2760 Adunatiories
1617 2754 1626 2766 ,
1651 2729 1916 2759 Qonfoederationes
1929 2753 1939 2768 ,
1972 2730 2185 2762 Conventiones
2204 2735 2294 2770 supra—

1246 2770 1372 2807 scriptas,
1390 2770 1422 2799 &
1440 2768 1632 2806 quoscumque
1648 2768 1788 2798 Articulos
1801 2768 1845 2797 seu
1864 2767 2002 2799 Clausulas
2016 2771 2182 2800 eorumdem
2206 2771 2294 2808 (ialvis

1244 2807 1352 2844 semper
1372 2807 1580 2844 praecoiitracstis
1603 2806 1766 2844 AlligantiiJ)
1791 2807 1818 2834 in
1841 2808 1974 2836 omnibus
1993 2809 2025 2837 ὃ(
2039 2809 2164 2846 lingulis,
2184 2819 2235 2846 pro
2251 2810 2294 2838 vi-

1245 2847 1397 2913 }ibusgoiis
1412 2847 1443 2877 ὃς
1459 2845 1593 2882 sentibus,
1612 2844 1752 2882 Tenebit,
1772 2844 1960 2882 Adimplebit,
1979 2846 2011 2875 ἂ
2027 2845 2294 2877 inviolabiliterOb-

1258 2895 1320 2914 erva
1344 2893 1363 2913 ir

1283 2908 1404 2959 Tenesi,
1424 2921 1597 2960 Adimpleri,
1616 2921 1647 2950 ὃ(
1663 2919 1856 2950 inviolabiliter
1870 2919 1951 2949 faciet
1968 2919 2135 2960 observari,

1282 2959 1425 2990 Praemilla
1446 2960 1490 2990 vel
1510 2968 1611 2989 eorum
1631 2958 1760 2995 aliquod,
1780 2960 1809 2987 in
1831 2966 1910 2996 toto,
1929 2968 1973 2989 aut
1989 2960 2017 2988 in
2033 2969 2126 2998 parte,
2146 2959 2296 2998 Rumpen-

1245 2998 1300 3037 do,
1321 2998 1519 3037 infringendo,
1533 2997 1577 3026 vel
1594 2996 1751 3034 Violando,
1770 2997 1881 3034 infringi
1916 2997 2079 3034 violari,aut
2095 2999 2188 3036 rumpi
2204 2999 2293 3029 scien-

1245 3046 1286 3067 ter
1308 3037 1485 3075 procurando
1505 3035 1549 3065 seu
1572 3034 1735 3071 tolerando,
1753 3034 1870 3071 cujusvis
1885 3019 2076 3065 Excusarionis
2090 3046 2225 3074 praetextu
2248 3037 2293 3067 vel

1245 3075 1321 3105 Exce
1342 3076 1438 3112 tionis,
1458 3073 1567 3103 Fraudis
1581 3073 1626 3103 vel
1641 3072 1727 3109 Doli,
1747 3071 1869 3109 Erroris,
1887 3072 2089 3111 Cohercionis,
2105 3074 2178 3112 Juris
2190 3076 2292 3113 scripti,

1247 3112 1313 3144 Con
1327 3114 1476 3150 uetudinis,
1496 3111 1590 3148 Fasti,
1609 3111 1652 3140 vel
1667 3109 1849 3147 intentionis,
1868 3110 2010 3148 Privilegii
2025 3113 2163 3150 impetrati
2177 3114 2219 3143 vel
2238 3114 2292 3142 im-

1243 3153 1385 3190 petrandi,
1404 3161 1448 3181 aut
1464 3149 1684 3187 quibuscumque
1699 3148 1860 3178 machinaris
1883 3149 2006 3187 Fraude,
2024 3150 2121 3189 Dolo,
2138 3160 2183 3180 aut
2207 3150 2289 3180 Malo

1243 3191 1376 3229 Ingenio,
1394 3189 1437 3219 Re
1456 3197 1501 3218 aut
1523 3186 1636 3223 Verbo,
1655 3187 1735 3216 nullis
1758 3196 1881 3224 unqiam
1902 3189 2076 3223 temporibus
2097 3188 2290 3219 contraveniet

1244 3230 1274 3259 in
1288 3230 1428 3265 futurum,
1445 3235 1492 3257 aut
1504 3226 1687 3256 contraveniri
1701 3224 1815 3255 scienter
1831 3226 2047 3263 quomodolibet
2061 3229 2185 3265 patietur.

1284 3305 1385 3336 Tenor
1399 3306 1468 3334 vero
1483 3301 1609 3332 Mandati
1622 3300 1710 3331 nostri
1724 3301 1931 3341 Procuratorii,
1948 3301 1985 3332 de
2001 3312 2058 3341 quo
2071 3302 2148 3340 supra
2160 3301 2191 3332 fit
2206 3310 2289 3332 men-

1247 3346 1307 3382 tio,
1324 3344 1363 3373 sic
1377 3343 1490 3379 incipit,

1248 3418 1462 3480 EDwardus,
1481 3417 1536 3447 Dei
1558 3416 1660 3454 gratia,
1678 3416 1743 3446 Rex
1764 3416 1887 3446 Francia:
1911 3417 1944 3447 &
1962 3415 2084 3455 Angliae,
2101 3417 2133 3448 ὃς
2149 3416 2295 3449 Dominus

1325 3458 1487 3494 Hiberniae,
1506 3455 1621 3485 Notum
1636 3455 1753 3485 facimus
1767 3454 1914 3484 Universis
1928 3455 2006 3491 quod
2020 3454 2105 3491 Nos,

1284 3496 1333 3527 De
1354 3496 1496 3531 fidelitate,
1515 3492 1784 3529 circumspestione,
1803 3494 1835 3523 δε
1854 3492 1999 3530 industria,
2017 3492 2184 3524 dilec‘iorum
2205 3495 2238 3525 &
2259 3494 2292 3524 fi-

1246 3534 1352 3564 delium
1369 3534 1529 3563 nostrorum
1538 3556 1544 3568 ,
1554 3532 1595 3560 W
1595 3530 1694 3560 illielmi
1706 3534 1815 3560 Domini
1829 3531 1860 3559 de
1874 3533 2004 3569 Latymer
2018 3529 2174 3561 Consiliarii
2188 3531 2293 3570 nostri,

1250 3574 1282 3603 &
1303 3571 1428 3610 Magistri
1442 3570 1546 3599 Thomae
1560 3569 1682 3607 Juvenis
1697 3568 1833 3598 Officialis
1855 3567 1952 3598 Curiae
1969 3567 2188 3608 Cantuarieniis,
2207 3570 2294 3609 pluri-

1251 3612 1334 3641 mum
1347 3609 1538 3644 considentes,
1855 3611 1861 3615 ·

1287 3648 1380 3688 Ipsos,
1398 3647 1587 3677 XVilliclmum
1601 3646 1632 3675 &
1649 3645 1814 3681 Thornarn,
1831 3644 1954 3681 insimul,
1976 3645 2008 3675 St
2023 3654 2122 3675 eorum
2137 3646 2292 3683 quemlibet

1251 3688 1278 3716 in
1292 3687 1410 3717 solidum
1427 3688 1472 3717 (ita
1489 3684 1568 3721 quod
1582 3683 1755 3720 Occupantis
1770 3683 1896 3720 primitus
1910 3684 2057 3719 negotium
2072 3693 2129 3713 non
2147 3685 2177 3714 lit
2196 3686 2292 3722 potior

1251 3723 1405 3762 Conditio,
1424 3727 1459 3752 let
1517 3721 1572 3751 uod
1594 3732 1664 3751 unus
1686 3731 1784 3750 eorum
1808 3722 1939 3758 inceperit
1952 3721 2017 3751 alter
2033 3722 2159 3759 prosequi
2173 3722 2294 3753 mediare

1249 3764 1338 3793 valeat
1351 3765 1383 3793 &
1397 3761 1483 3797 finire)
1500 3761 1643 3796 hacimus,
1660 3758 1884 3797 Censtituimus,
1902 3769 1935 3789 ac
1951 3761 2033 3789 etiarn
2045 3760 2293 3792 OrdinamusPro-

1252 3811 1390 3831 curatores
1403 3799 1512 3829 nostros
1528 3796 1764 3836 negotiorumque
1781 3797 1915 3827 Gestores

1289 3839 1395 3869 Dantes
1418 3839 1449 3868 δε
1469 3835 1667 3866 Concedentes
1687 3835 1767 3865 dietis
1789 3835 1888 3865 nostris
1908 3819 2139 3866 l3r0curatoribus
2153 3860 2162 3875 ,
2193 3836 2227 3868 δε
2245 3847 2295 3869 εο-

1253 3888 1315 3909 rum
1331 3877 1462 3913 cuilibet,
1478 3875 1587 3911 plenam
1601 3875 1634 3904 δε
1653 3874 1770 3905 liberam
1793 3873 1965 3904 Potestatem
1982 3874 2136 3904 Tractandi
2157 3877 2190 3906 &
2204 3875 2296 3907 Pacis-

1254 3916 1337 3946 cendi
1357 3924 1442 3951 cum,
1460 3911 1615 3949 Magnifico
1635 3913 1668 3942 ὃς
1689 3911 1788 3941 illustri
1812 3912 1940 3948 Principe
1954 3933 1963 3948 ,
1981 3911 2112 3943 Domino
2136 3915 2296 3952 Fernando,

1256 3954 1315 3984 Dei
1328 3952 1416 3990 gratia
1425 3975 1434 3989 ,
1453 3949 1613 3987 Portugaliae
1626 3948 1664 3983 ό·
1678 3949 1808 3987 Algarbii
1822 3953 1906 3986 Rege,
1923 3949 1956 3979 &
1969 3959 2054 3988 curn,
2074 3951 2170 3981 Ulustri
2192 3951 2298 3982 Domi-

1255 3993 1310 4030 na,
1332 3989 1459 4021 Domina
1473 3987 1608 4018 Elianoriz'
1623 3989 1724 4024 Regma
1734 4012 1742 4025 ,
1763 3989 1818 4025 ejus
1833 3987 1988 4025 Consorte,
2006 3986 2066 4023 ὠς.
2074 3997 2154 4027 prout
2170 3990 2255 4030 supra
2267 3990 2301 4020 de

1255 4033 1327 4060 Dat.
1344 4039 1370 4060 1.
1385 4028 1457 4067 Jun.
1472 4026 1509 4063 φ
1524 4026 1616 4056 demde
1624 4024 1746 4067 fi‘quitur
1760 4025 1806 4054 hoc
1818 4026 1890 4055 modo
1907 4027 1991 4063 (viz.)

1797 4101 1820 4132 Β
2226 4101 2298 4137 910

2325 290 2398 319 Am.
2415 291 2456 328 D·

2344 339 2426 369 ¹373.

2324 376 2390 401 Ede.
2412 386 2421 405 ς

2317 1228 2451 1260 *ὝΙΙΛΞη
