<?xml version="1.0" encoding="UTF-8"?>
<!DOCTYPE html PUBLIC "-//W3C//DTD XHTML 1.0 Transitional//EN"
    "http://www.w3.org/TR/xhtml1/DTD/xhtml1-transitional.dtd">
<html xmlns="http://www.w3.org/1999/xhtml" xml:lang="en" lang="en">
 <head>
  <title>
</title>
<meta http-equiv="Content-Type" content="text/html;charset=utf-8" />
  <meta name='ocr-system' content='tesseract 3.04.00' />
  <meta name='ocr-capabilities' content='ocr_page ocr_carea ocr_par ocr_line ocrx_word'/>
</head>
<body>
  <div class='ocr_page' id='page_1' title='image "./fderaconventione03ryme_0617.png"; bbox 0 0 2561 4251; ppageno 0'>
   <div class='ocr_carea' id='block_1_1' title="bbox 25 290 161 403">
    <p class='ocr_par' dir='ltr' id='par_1_1' title="bbox 25 290 161 403">
     <span class='ocr_line' id='line_1_1' title="bbox 25 290 161 327; baseline -0.022 -3"><span class='ocrx_word' id='word_1_1' title='bbox 25 294 104 327; x_wconf 65' lang='grc' dir='ltr'>ΆΜ.</span> <span class='ocrx_word' id='word_1_2' title='bbox 118 290 161 322; x_wconf 90' lang='lat' dir='ltr'>D.</span> 
     </span>
     <span class='ocr_line' id='line_1_2' title="bbox 46 331 135 371; baseline -0.011 -8"><span class='ocrx_word' id='word_1_3' title='bbox 46 331 135 371; x_wconf 80' lang='lat'>1382.</span> 
     </span>
     <span class='ocr_line' id='line_1_3' title="bbox 28 374 127 403; baseline 0 -4"><span class='ocrx_word' id='word_1_4' title='bbox 28 374 84 403; x_wconf 72' lang='lat' dir='ltr'>Ric.</span> <span class='ocrx_word' id='word_1_5' title='bbox 100 380 127 399; x_wconf 78' lang='grc' dir='ltr'>ι.</span> 
     </span>
    </p>
   </div>
   <div class='ocr_carea' id='block_1_2' title="bbox 22 431 1239 526">
    <p class='ocr_par' dir='ltr' id='par_1_2' title="bbox 22 431 1239 526">
     <span class='ocr_line' id='line_1_4' title="bbox 22 431 1239 495; baseline 0.001 -34"><span class='ocrx_word' id='word_1_6' title='bbox 22 458 80 487; x_wconf 44' lang='lat' dir='ltr'>An·</span> <span class='ocrx_word' id='word_1_7' title='bbox 96 463 114 493; x_wconf 60' lang='grc' dir='ltr'><strong><em>ς</em></strong></span> <span class='ocrx_word' id='word_1_8' title='bbox 175 431 290 495; x_wconf 77' lang='lat' dir='ltr'>REX</span> <span class='ocrx_word' id='word_1_9' title='bbox 305 444 355 472; x_wconf 84' lang='lat' dir='ltr'>per</span> <span class='ocrx_word' id='word_1_10' title='bbox 371 433 476 464; x_wconf 77' lang='lat' dir='ltr'>Literas</span> <span class='ocrx_word' id='word_1_11' title='bbox 490 433 546 464; x_wconf 82' lang='lat' dir='ltr'>suas</span> <span class='ocrx_word' id='word_1_12' title='bbox 559 433 706 469; x_wconf 75' lang='lat' dir='ltr'>Parentes,</span> <span class='ocrx_word' id='word_1_13' title='bbox 721 441 736 461; x_wconf 84' lang='lat' dir='ltr'>a</span> <span class='ocrx_word' id='word_1_14' title='bbox 749 431 835 462; x_wconf 84' lang='lat' dir='ltr'>Festo</span> <span class='ocrx_word' id='word_1_15' title='bbox 855 431 988 469; x_wconf 73' lang='lat' dir='ltr'>Paschae,</span> <span class='ocrx_word' id='word_1_16' title='bbox 1007 433 1139 469; x_wconf 74' lang='lat' dir='ltr'>proximo</span> <span class='ocrx_word' id='word_1_17' title='bbox 1163 432 1239 462; x_wconf 84' lang='lat' dir='ltr'>futu-</span> 
     </span>
     <span class='ocr_line' id='line_1_5' title="bbox 27 477 298 526; baseline 0 -3"><span class='ocrx_word' id='word_1_18' title='bbox 27 500 58 526; x_wconf 70' lang='grc' dir='ltr'>Β.</span> <span class='ocrx_word' id='word_1_19' title='bbox 76 505 103 523; x_wconf 87' lang='lat'>2.</span> <span class='ocrx_word' id='word_1_20' title='bbox 117 477 124 484; x_wconf 48' lang='lat'>¹</span> <span class='ocrx_word' id='word_1_21' title='bbox 245 483 282 504; x_wconf 61' lang='lat' dir='ltr'>To</span> <span class='ocrx_word' id='word_1_22' title='bbox 292 497 298 509; x_wconf 85' lang='lat'>¹</span> 
     </span>
    </p>
   </div>
   <div class='ocr_carea' id='block_1_3' title="bbox 28 538 1240 630">
    <p class='ocr_par' dir='ltr' id='par_1_3' title="bbox 28 538 1240 630">
     <span class='ocr_line' id='line_1_6' title="bbox 28 538 1239 585; baseline -0.002 -4"><span class='ocrx_word' id='word_1_23' title='bbox 28 538 98 564; x_wconf 46' lang='lat'>⁸⁶⁰²*</span> <span class='ocrx_word' id='word_1_24' title='bbox 115 541 143 569; x_wconf 77' lang='lat'>5·</span> <span class='ocrx_word' id='word_1_25' title='bbox 178 549 393 581; x_wconf 67' lang='lat' dir='ltr'>Protest-ionem</span> <span class='ocrx_word' id='word_1_26' title='bbox 413 551 447 581; x_wconf 84' lang='lat'>&amp;</span> <span class='ocrx_word' id='word_1_27' title='bbox 468 547 674 578; x_wconf 83' lang='lat' dir='ltr'>Defenfionem</span> <span class='ocrx_word' id='word_1_28' title='bbox 694 546 750 576; x_wconf 86' lang='lat' dir='ltr'>suas</span> <span class='ocrx_word' id='word_1_29' title='bbox 765 545 896 583; x_wconf 76' lang='lat' dir='ltr'><strong>speciales</strong></span> <span class='ocrx_word' id='word_1_30' title='bbox 910 569 920 585; x_wconf 79' lang='lat'>‚</span> <span class='ocrx_word' id='word_1_31' title='bbox 947 547 1090 578; x_wconf 86' lang='lat' dir='ltr'>Nobilem</span> <span class='ocrx_word' id='word_1_32' title='bbox 1111 548 1212 578; x_wconf 87' lang='lat' dir='ltr'>Virum</span> <span class='ocrx_word' id='word_1_33' title='bbox 1230 570 1239 585; x_wconf 89' lang='lat'>,</span> 
     </span>
     <span class='ocr_line' id='line_1_7' title="bbox 54 580 1240 630; baseline -0.003 -10"><span class='ocrx_word' id='word_1_34' title='bbox 54 594 61 602; x_wconf 88' lang='lat'><strong>·</strong></span> <span class='ocrx_word' id='word_1_35' title='bbox 78 582 104 602; x_wconf 87' lang='lat'>²·</span> <span class='ocrx_word' id='word_1_36' title='bbox 124 580 150 599; x_wconf 75' lang='lat'>⁷⁷¹</span> <span class='ocrx_word' id='word_1_37' title='bbox 177 589 282 620; x_wconf 64' lang='lat' dir='ltr'>deid</span> <span class='ocrx_word' id='word_1_38' title='bbox 295 592 422 630; x_wconf 77' lang='lat' dir='ltr'>Stywart</span> <span class='ocrx_word' id='word_1_39' title='bbox 440 587 593 617; x_wconf 83' lang='lat' dir='ltr'>Comitem</span> <span class='ocrx_word' id='word_1_40' title='bbox 614 585 650 614; x_wconf 84' lang='lat' dir='ltr'>de&#39;</span> <span class='ocrx_word' id='word_1_41' title='bbox 668 584 811 615; x_wconf 84' lang='lat' dir='ltr'>Strathern</span> <span class='ocrx_word' id='word_1_42' title='bbox 830 586 866 615; x_wconf 89' lang='lat' dir='ltr'>de</span> <span class='ocrx_word' id='word_1_43' title='bbox 883 585 977 616; x_wconf 86' lang='lat' dir='ltr'>Scotia</span> <span class='ocrx_word' id='word_1_44' title='bbox 989 611 998 624; x_wconf 89' lang='lat'>,</span> <span class='ocrx_word' id='word_1_45' title='bbox 1030 587 1173 618; x_wconf 85' lang='lat' dir='ltr'>veniendo</span> <span class='ocrx_word' id='word_1_46' title='bbox 1191 597 1240 625; x_wconf 85' lang='lat' dir='ltr'>pe-</span> 
     </span>
    </p>
   </div>
   <div class='ocr_carea' id='block_1_4' title="bbox 35 960 138 1038">
    <p class='ocr_par' dir='ltr' id='par_1_4' title="bbox 35 960 138 1038">
     <span class='ocr_line' id='line_1_8' title="bbox 35 960 138 989; baseline -0.01 -1"><span class='ocrx_word' id='word_1_47' title='bbox 35 960 53 979; x_wconf 89' lang='lat'><strong>·</strong></span> <span class='ocrx_word' id='word_1_48' title='bbox 68 961 138 989; x_wconf 86' lang='lat' dir='ltr'>vn.</span> 
     </span>
     <span class='ocr_line' id='line_1_9' title="bbox 36 1001 103 1038; baseline -0.03 0"><span class='ocrx_word' id='word_1_49' title='bbox 36 1001 103 1038; x_wconf 84' lang='lat'>34⁶-</span> 
     </span>
    </p>
   </div>
   <div class='ocr_carea' id='block_1_5' title="bbox 33 1084 168 1345">
    <p class='ocr_par' dir='ltr' id='par_1_5' title="bbox 33 1084 168 1345">
     <span class='ocr_line' id='line_1_10' title="bbox 33 1084 168 1118; baseline -0.03 0"><span class='ocrx_word' id='word_1_50' title='bbox 33 1085 114 1118; x_wconf 84' lang='lat' dir='ltr'>Ann.</span> <span class='ocrx_word' id='word_1_51' title='bbox 128 1084 168 1114; x_wconf 93' lang='lat' dir='ltr'>D.</span> 
     </span>
     <span class='ocr_line' id='line_1_11' title="bbox 54 1123 142 1164; baseline -0.034 -9"><span class='ocrx_word' id='word_1_52' title='bbox 54 1123 142 1164; x_wconf 79' lang='lat'>1382.</span> 
     </span>
     <span class='ocr_line' id='line_1_12' title="bbox 34 1167 136 1198; baseline 0.01 -7"><span class='ocrx_word' id='word_1_53' title='bbox 34 1167 89 1192; x_wconf 74' lang='lat' dir='ltr'>An.</span> <span class='ocrx_word' id='word_1_54' title='bbox 109 1172 136 1198; x_wconf 83' lang='lat'>5.</span> 
     </span>
     <span class='ocr_line' id='line_1_13' title="bbox 34 1206 115 1231; baseline -0.037 0"><span class='ocrx_word' id='word_1_55' title='bbox 34 1206 67 1231; x_wconf 76' lang='lat' dir='ltr'>R.</span> <span class='ocrx_word' id='word_1_56' title='bbox 89 1211 115 1228; x_wconf 86' lang='lat'>2.</span> 
     </span>
     <span class='ocr_line' id='line_1_14' title="bbox 36 1242 134 1273; baseline -0.02 -5"><span class='ocrx_word' id='word_1_57' title='bbox 36 1242 134 1273; x_wconf 76' lang='lat' dir='ltr'><em>Pat.5.</em></span> 
     </span>
     <span class='ocr_line' id='line_1_15' title="bbox 38 1282 166 1314; baseline -0.016 -8"><span class='ocrx_word' id='word_1_58' title='bbox 38 1282 166 1314; x_wconf 53' lang='grc' dir='ltr'>λευμ’..</span> 
     </span>
     <span class='ocr_line' id='line_1_16' title="bbox 36 1316 137 1345; baseline -0.03 0"><span class='ocrx_word' id='word_1_59' title='bbox 36 1325 75 1345; x_wconf 85' lang='lat' dir='ltr'>m.</span> <span class='ocrx_word' id='word_1_60' title='bbox 92 1316 137 1343; x_wconf 84' lang='lat'>28.</span> 
     </span>
    </p>
   </div>
   <div class='ocr_carea' id='block_1_6' title="bbox 741 172 1208 215">
    <p class='ocr_par' dir='ltr' id='par_1_6' title="bbox 741 172 1208 215">
     <span class='ocr_line' id='line_1_17' title="bbox 741 172 1208 215; baseline -0.009 0"><span class='ocrx_word' id='word_1_61' title='bbox 741 174 852 215; x_wconf 90' lang='lat' dir='ltr'>ET</span> <span class='ocrx_word' id='word_1_62' title='bbox 938 172 1208 212; x_wconf 88' lang='lat' dir='ltr'><strong>ACTA</strong></span> 
     </span>
    </p>
   </div>
   <div class='ocr_carea' id='block_1_7' title="bbox 497 345 928 382">
    <p class='ocr_par' dir='ltr' id='par_1_7' title="bbox 497 345 928 382">
     <span class='ocr_line' id='line_1_18' title="bbox 497 345 928 382; baseline -0.007 0"><span class='ocrx_word' id='word_1_63' title='bbox 497 352 522 382; x_wconf 77' lang='lat' dir='ltr'><em>F</em></span> <span class='ocrx_word' id='word_1_64' title='bbox 524 360 556 380; x_wconf 83' lang='lat' dir='ltr'>ro</span> <span class='ocrx_word' id='word_1_65' title='bbox 574 350 687 381; x_wconf 75' lang='lat' dir='ltr'>Comite</span> <span class='ocrx_word' id='word_1_66' title='bbox 705 345 741 379; x_wconf 85' lang='lat' dir='ltr'>de</span> <span class='ocrx_word' id='word_1_67' title='bbox 756 345 928 380; x_wconf 69' lang='lat' dir='ltr'>Strathcrn.</span> 
     </span>
    </p>
   </div>
   <div class='ocr_carea' id='block_1_8' title="bbox 175 470 1239 549">
    <p class='ocr_par' dir='ltr' id='par_1_8' title="bbox 175 470 1239 549">
     <span class='ocr_line' id='line_1_19' title="bbox 316 470 1239 510; baseline -0.001 -8"><span class='ocrx_word' id='word_1_68' title='bbox 316 473 402 510; x_wconf 83' lang='lat' dir='ltr'>usque</span> <span class='ocrx_word' id='word_1_69' title='bbox 413 473 447 503; x_wconf 87' lang='lat' dir='ltr'>ad</span> <span class='ocrx_word' id='word_1_70' title='bbox 464 472 578 502; x_wconf 84' lang='lat' dir='ltr'>Festum</span> <span class='ocrx_word' id='word_1_71' title='bbox 594 470 723 507; x_wconf 78' lang='lat' dir='ltr'>Paschae,</span> <span class='ocrx_word' id='word_1_72' title='bbox 738 479 842 500; x_wconf 72' lang='lat' dir='ltr'>eittunc</span> <span class='ocrx_word' id='word_1_73' title='bbox 857 471 991 507; x_wconf 82' lang='lat' dir='ltr'>proximo</span> <span class='ocrx_word' id='word_1_74' title='bbox 1004 472 1137 509; x_wconf 88' lang='lat' dir='ltr'>sequens,</span> <span class='ocrx_word' id='word_1_75' title='bbox 1156 471 1239 501; x_wconf 86' lang='lat' dir='ltr'>dura-</span> 
     </span>
     <span class='ocr_line' id='line_1_20' title="bbox 175 506 1238 549; baseline -0.003 -7"><span class='ocrx_word' id='word_1_76' title='bbox 175 519 249 542; x_wconf 66' lang='lat' dir='ltr'>turas</span> <span class='ocrx_word' id='word_1_77' title='bbox 261 536 270 549; x_wconf 88' lang='lat'>,</span> <span class='ocrx_word' id='word_1_78' title='bbox 293 511 409 549; x_wconf 73' lang='lat' dir='ltr'>suscepit</span> <span class='ocrx_word' id='word_1_79' title='bbox 427 512 456 540; x_wconf 85' lang='lat' dir='ltr'>in</span> <span class='ocrx_word' id='word_1_80' title='bbox 475 511 581 541; x_wconf 86' lang='lat' dir='ltr'>salvum</span> <span class='ocrx_word' id='word_1_81' title='bbox 599 509 633 539; x_wconf 90' lang='lat'>&amp;</span> <span class='ocrx_word' id='word_1_82' title='bbox 649 509 778 538; x_wconf 77' lang='lat' dir='ltr'>securum</span> <span class='ocrx_word' id='word_1_83' title='bbox 800 506 992 539; x_wconf 63' lang='lat' dir='ltr'>Conductum</span> <span class='ocrx_word' id='word_1_84' title='bbox 1019 510 1100 539; x_wconf 90' lang='lat' dir='ltr'>suum</span> <span class='ocrx_word' id='word_1_85' title='bbox 1115 534 1124 546; x_wconf 81' lang='lat'>,</span> <span class='ocrx_word' id='word_1_86' title='bbox 1149 519 1182 539; x_wconf 83' lang='lat' dir='ltr'>ac</span> <span class='ocrx_word' id='word_1_87' title='bbox 1209 511 1238 539; x_wconf 84' lang='lat' dir='ltr'>in</span> 
     </span>
    </p>
   </div>
   <div class='ocr_carea' id='block_1_9' title="bbox 175 622 1244 852">
    <p class='ocr_par' dir='ltr' id='par_1_9' title="bbox 175 622 1242 782">
     <span class='ocr_line' id='line_1_21' title="bbox 178 622 1241 667; baseline -0.003 -10"><span class='ocrx_word' id='word_1_88' title='bbox 178 631 259 667; x_wconf 74' lang='lat' dir='ltr'>tegre</span> <span class='ocrx_word' id='word_1_89' title='bbox 278 627 313 659; x_wconf 82' lang='lat' dir='ltr'>ad</span> <span class='ocrx_word' id='word_1_90' title='bbox 331 634 521 666; x_wconf 55' lang='lat' dir='ltr'>quaecumque</span> <span class='ocrx_word' id='word_1_91' title='bbox 541 624 622 654; x_wconf 82' lang='lat' dir='ltr'>Loca</span> <span class='ocrx_word' id='word_1_92' title='bbox 640 623 713 653; x_wconf 87' lang='lat' dir='ltr'>infra</span> <span class='ocrx_word' id='word_1_93' title='bbox 731 622 871 658; x_wconf 61' lang='lat' dir='ltr'>Regnum</span> <span class='ocrx_word' id='word_1_94' title='bbox 890 624 977 663; x_wconf 83' lang='lat' dir='ltr'>Regis</span> <span class='ocrx_word' id='word_1_95' title='bbox 991 625 1101 664; x_wconf 82' lang='lat' dir='ltr'>Angliae</span> <span class='ocrx_word' id='word_1_96' title='bbox 1116 626 1165 655; x_wconf 77' lang='lat' dir='ltr'>sibi</span> <span class='ocrx_word' id='word_1_97' title='bbox 1182 625 1241 662; x_wconf 83' lang='lat' dir='ltr'>pla-</span> 
     </span>
     <span class='ocr_line' id='line_1_22' title="bbox 175 661 1240 705; baseline -0.006 -7"><span class='ocrx_word' id='word_1_98' title='bbox 175 669 283 705; x_wconf 84' lang='lat' dir='ltr'>cuerit,</span> <span class='ocrx_word' id='word_1_99' title='bbox 300 675 370 697; x_wconf 78' lang='lat' dir='ltr'>cum</span> <span class='ocrx_word' id='word_1_100' title='bbox 383 664 531 699; x_wconf 72' lang='lat' dir='ltr'>Sexaginta</span> <span class='ocrx_word' id='word_1_101' title='bbox 547 661 674 692; x_wconf 81' lang='lat' dir='ltr'>Personis</span> <span class='ocrx_word' id='word_1_102' title='bbox 688 662 836 700; x_wconf 84' lang='lat' dir='ltr'>Equitibus</span> <span class='ocrx_word' id='word_1_103' title='bbox 847 664 877 692; x_wconf 89' lang='lat' dir='ltr'>in</span> <span class='ocrx_word' id='word_1_104' title='bbox 892 662 1041 694; x_wconf 80' lang='lat' dir='ltr'>Comitiva</span> <span class='ocrx_word' id='word_1_105' title='bbox 1054 664 1117 702; x_wconf 88' lang='lat' dir='ltr'>sua,</span> <span class='ocrx_word' id='word_1_106' title='bbox 1133 664 1240 693; x_wconf 81' lang='lat' dir='ltr'>ibidem</span> 
     </span>
     <span class='ocr_line' id='line_1_23' title="bbox 176 700 1242 743; baseline -0.005 -7"><span class='ocrx_word' id='word_1_107' title='bbox 176 705 337 743; x_wconf 77' lang='lat' dir='ltr'>morando,</span> <span class='ocrx_word' id='word_1_108' title='bbox 352 703 388 734; x_wconf 88' lang='lat'>&amp;</span> <span class='ocrx_word' id='word_1_109' title='bbox 410 701 513 732; x_wconf 77' lang='lat' dir='ltr'>exinde</span> <span class='ocrx_word' id='word_1_110' title='bbox 533 700 567 731; x_wconf 83' lang='lat' dir='ltr'>ad</span> <span class='ocrx_word' id='word_1_111' title='bbox 590 700 707 739; x_wconf 80' lang='lat' dir='ltr'>Propria</span> <span class='ocrx_word' id='word_1_112' title='bbox 721 700 883 739; x_wconf 83' lang='lat' dir='ltr'>redeundo,</span> <span class='ocrx_word' id='word_1_113' title='bbox 901 712 1015 733; x_wconf 86' lang='lat' dir='ltr'>necnon</span> <span class='ocrx_word' id='word_1_114' title='bbox 1031 702 1148 740; x_wconf 84' lang='lat' dir='ltr'>Equos,</span> <span class='ocrx_word' id='word_1_115' title='bbox 1165 701 1242 732; x_wconf 84' lang='lat' dir='ltr'>Her-</span> 
     </span>
     <span class='ocr_line' id='line_1_24' title="bbox 178 740 759 782; baseline -0.012 -7"><span class='ocrx_word' id='word_1_116' title='bbox 178 745 269 782; x_wconf 68' lang='lat' dir='ltr'>neffl,</span> <span class='ocrx_word' id='word_1_117' title='bbox 286 743 364 773; x_wconf 82' lang='lat' dir='ltr'>Bona</span> <span class='ocrx_word' id='word_1_118' title='bbox 378 741 412 771; x_wconf 89' lang='lat'>&amp;</span> <span class='ocrx_word' id='word_1_119' title='bbox 427 740 486 770; x_wconf 86' lang='lat' dir='ltr'>Res</span> <span class='ocrx_word' id='word_1_120' title='bbox 502 741 546 770; x_wconf 82' lang='lat' dir='ltr'>sua</span> <span class='ocrx_word' id='word_1_121' title='bbox 561 749 759 777; x_wconf 60' lang='lat' dir='ltr'>quaecumque.</span> 
     </span>
    </p>

    <p class='ocr_par' dir='ltr' id='par_1_10' title="bbox 179 777 1244 852">
     <span class='ocr_line' id='line_1_25' title="bbox 217 777 1244 819; baseline -0.006 -6"><span class='ocrx_word' id='word_1_122' title='bbox 217 782 307 813; x_wconf 78' lang='lat' dir='ltr'>Teste</span> <span class='ocrx_word' id='word_1_123' title='bbox 328 779 412 819; x_wconf 71' lang='lat' dir='ltr'>Rege</span> <span class='ocrx_word' id='word_1_124' title='bbox 431 778 505 816; x_wconf 84' lang='lat' dir='ltr'>apud</span> <span class='ocrx_word' id='word_1_125' title='bbox 526 777 817 809; x_wconf 79' lang='lat' dir='ltr'>westmonasterium</span> <span class='ocrx_word' id='word_1_126' title='bbox 832 801 842 817; x_wconf 84' lang='lat'>,</span> <span class='ocrx_word' id='word_1_127' title='bbox 864 778 1001 810; x_wconf 85' lang='lat' dir='ltr'>vicefimo</span> <span class='ocrx_word' id='word_1_128' title='bbox 1021 779 1106 809; x_wconf 85' lang='lat' dir='ltr'>tertio</span> <span class='ocrx_word' id='word_1_129' title='bbox 1124 777 1169 808; x_wconf 87' lang='lat' dir='ltr'>die</span> <span class='ocrx_word' id='word_1_130' title='bbox 1189 778 1244 808; x_wconf 88' lang='lat' dir='ltr'>Fe-</span> 
     </span>
     <span class='ocr_line' id='line_1_26' title="bbox 179 820 291 852; baseline -0.036 0"><span class='ocrx_word' id='word_1_131' title='bbox 179 820 291 852; x_wconf 84' lang='lat' dir='ltr'>bruarii.</span> 
     </span>
    </p>
   </div>
   <div class='ocr_carea' id='block_1_10' title="bbox 304 888 1242 906">
    <p class='ocr_par' dir='ltr' id='par_1_11' title="bbox 304 888 1242 906">
     <span class='ocr_line' id='line_1_27' title="bbox 304 888 1242 906; baseline 0 0"><span class='ocrx_word' id='word_1_132' title='bbox 304 888 1242 906; x_wconf 95' lang='lat' dir='ltr'> </span> 
     </span>
    </p>
   </div>
   <div class='ocr_carea' id='block_1_11' title="bbox 182 942 1242 1044">
    <p class='ocr_par' dir='ltr' id='par_1_12' title="bbox 182 942 1242 1044">
     <span class='ocr_line' id='line_1_28' title="bbox 182 942 1242 987; baseline -0.004 -7"><span class='ocrx_word' id='word_1_133' title='bbox 182 947 211 974; x_wconf 58' lang='lat'>²³?</span> <span class='ocrx_word' id='word_1_134' title='bbox 235 948 285 980; x_wconf 88' lang='lat' dir='ltr'>De</span> <span class='ocrx_word' id='word_1_135' title='bbox 310 943 479 978; x_wconf 64' lang='lat' dir='ltr'>frunubus</span> <span class='ocrx_word' id='word_1_136' title='bbox 501 942 715 976; x_wconf 72' lang='lat' dir='ltr'>Cardinalium</span> <span class='ocrx_word' id='word_1_137' title='bbox 742 942 926 987; x_wconf 62' lang='lat' dir='ltr'>kebedium,</span> <span class='ocrx_word' id='word_1_138' title='bbox 952 946 983 977; x_wconf 83' lang='lat' dir='ltr'>in</span> <span class='ocrx_word' id='word_1_139' title='bbox 1011 945 1096 977; x_wconf 78' lang='lat' dir='ltr'>Duos</span> <span class='ocrx_word' id='word_1_140' title='bbox 1119 945 1242 986; x_wconf 84' lang='lat' dir='ltr'>Annos,</span> 
     </span>
     <span class='ocr_line' id='line_1_29' title="bbox 547 990 843 1044; baseline 0.003 -20"><span class='ocrx_word' id='word_1_141' title='bbox 547 1039 552 1044; x_wconf 19' lang='grc' dir='ltr'><strong>θ</strong></span> <span class='ocrx_word' id='word_1_142' title='bbox 608 994 690 1038; x_wconf 66' lang='lat' dir='ltr'>Papae</span> <span class='ocrx_word' id='word_1_143' title='bbox 705 990 843 1035; x_wconf 77' lang='lat' dir='ltr'>conccffis.</span> 
     </span>
    </p>
   </div>
   <div class='ocr_carea' id='block_1_12' title="bbox 182 1077 1280 3818">
    <p class='ocr_par' dir='ltr' id='par_1_13' title="bbox 182 1077 1252 1653">
     <span class='ocr_line' id='line_1_30' title="bbox 185 1077 864 1149; baseline -0.004 -37"><span class='ocrx_word' id='word_1_144' title='bbox 185 1080 296 1149; x_wconf 56' lang='lat' dir='ltr'>REJSZ</span> <span class='ocrx_word' id='word_1_145' title='bbox 309 1079 475 1147; x_wconf 70' lang='lat' dir='ltr'>Omnibusd,</span> <span class='ocrx_word' id='word_1_146' title='bbox 489 1077 524 1109; x_wconf 79' lang='lat' dir='ltr'>ad</span> <span class='ocrx_word' id='word_1_147' title='bbox 539 1088 628 1117; x_wconf 90' lang='lat' dir='ltr'>quos,</span> <span class='ocrx_word' id='word_1_148' title='bbox 645 1079 706 1110; x_wconf 70' lang='lat' dir='ltr'>&amp;o</span> <span class='ocrx_word' id='word_1_149' title='bbox 728 1078 864 1109; x_wconf 79' lang='lat' dir='ltr'>Salutem.</span> 
     </span>
     <span class='ocr_line' id='line_1_31' title="bbox 295 1127 445 1148; baseline 0 0"><span class='ocrx_word' id='word_1_150' title='bbox 295 1127 370 1148; x_wconf 72' lang='lat' dir='ltr'>cratis</span> <span class='ocrx_word' id='word_1_151' title='bbox 406 1128 445 1148; x_wconf 87' lang='lat' dir='ltr'>uo</span> 
     </span>
     <span class='ocr_line' id='line_1_32' title="bbox 219 1128 1247 1195; baseline -0.003 -7"><span class='ocrx_word' id='word_1_152' title='bbox 219 1157 303 1188; x_wconf 84' lang='lat' dir='ltr'>Cum</span> <span class='ocrx_word' id='word_1_153' title='bbox 322 1128 412 1194; x_wconf 60' lang='lat' dir='ltr'>olirril,</span> <span class='ocrx_word' id='word_1_154' title='bbox 429 1164 459 1192; x_wconf 67' lang='lat' dir='ltr'>tn</span> <span class='ocrx_word' id='word_1_155' title='bbox 474 1139 667 1186; x_wconf 74' lang='lat' dir='ltr'>&#39;parliamento</span> <span class='ocrx_word' id='word_1_156' title='bbox 687 1155 788 1185; x_wconf 89' lang='lat' dir='ltr'>nostro</span> <span class='ocrx_word' id='word_1_157' title='bbox 809 1156 947 1195; x_wconf 86' lang='lat' dir='ltr'>generali,</span> <span class='ocrx_word' id='word_1_158' title='bbox 964 1156 1037 1195; x_wconf 89' lang='lat' dir='ltr'>apud</span> <span class='ocrx_word' id='word_1_159' title='bbox 1054 1155 1247 1187; x_wconf 79' lang='lat' dir='ltr'>Glocestriam</span> 
     </span>
     <span class='ocr_line' id='line_1_33' title="bbox 185 1194 1249 1235; baseline -0.001 -9"><span class='ocrx_word' id='word_1_160' title='bbox 185 1197 346 1235; x_wconf 48' lang='lat' dir='ltr'>celebrem,</span> <span class='ocrx_word' id='word_1_161' title='bbox 365 1194 503 1233; x_wconf 59' lang='lat' dir='ltr'>Fruaffim,</span> <span class='ocrx_word' id='word_1_162' title='bbox 516 1194 673 1232; x_wconf 73' lang='lat' dir='ltr'>Redditus,</span> <span class='ocrx_word' id='word_1_163' title='bbox 689 1195 723 1225; x_wconf 68' lang='grc' dir='ltr'>ὃς</span> <span class='ocrx_word' id='word_1_164' title='bbox 737 1194 896 1225; x_wconf 90' lang='lat' dir='ltr'>Proventus</span> <span class='ocrx_word' id='word_1_165' title='bbox 911 1205 1162 1233; x_wconf 88' lang='lat' dir='ltr'>quorumcumque</span> <span class='ocrx_word' id='word_1_166' title='bbox 1172 1194 1249 1233; x_wconf 82' lang='lat' dir='ltr'>Dig-</span> 
     </span>
     <span class='ocr_line' id='line_1_34' title="bbox 182 1232 1249 1273; baseline -0.002 -8"><span class='ocrx_word' id='word_1_167' title='bbox 182 1236 323 1273; x_wconf 81' lang='lat' dir='ltr'>nitatum,</span> <span class='ocrx_word' id='word_1_168' title='bbox 350 1234 570 1271; x_wconf 85' lang='lat' dir='ltr'>Personatuurn,</span> <span class='ocrx_word' id='word_1_169' title='bbox 594 1232 790 1270; x_wconf 87' lang='lat' dir='ltr'>Officiorum,</span> <span class='ocrx_word' id='word_1_170' title='bbox 808 1232 1000 1263; x_wconf 84' lang='lat' dir='ltr'>Ecclefiarum</span> <span class='ocrx_word' id='word_1_171' title='bbox 1022 1233 1249 1270; x_wconf 79' lang='lat' dir='ltr'>parochialium,</span> 
     </span>
     <span class='ocr_line' id='line_1_35' title="bbox 184 1271 1249 1311; baseline -0.002 -7"><span class='ocrx_word' id='word_1_172' title='bbox 184 1272 491 1311; x_wconf 64' lang='lat' dir='ltr'>canonicarumque,</span> <span class='ocrx_word' id='word_1_173' title='bbox 517 1272 550 1303; x_wconf 68' lang='grc' dir='ltr'>ὃς</span> <span class='ocrx_word' id='word_1_174' title='bbox 571 1271 791 1301; x_wconf 81' lang='lat' dir='ltr'>Praebendarum</span> <span class='ocrx_word' id='word_1_175' title='bbox 806 1294 816 1310; x_wconf 85' lang='lat'>,</span> <span class='ocrx_word' id='word_1_176' title='bbox 842 1282 875 1302; x_wconf 85' lang='lat' dir='ltr'>ac</span> <span class='ocrx_word' id='word_1_177' title='bbox 899 1272 1020 1302; x_wconf 88' lang='lat' dir='ltr'>aliorum</span> <span class='ocrx_word' id='word_1_178' title='bbox 1039 1271 1249 1303; x_wconf 89' lang='lat' dir='ltr'>Beneficiorum</span> 
     </span>
     <span class='ocr_line' id='line_1_36' title="bbox 183 1309 1250 1349; baseline -0.003 -7"><span class='ocrx_word' id='word_1_179' title='bbox 183 1311 466 1349; x_wconf 78' lang='lat' dir='ltr'>Eccleiiasticorum,</span> <span class='ocrx_word' id='word_1_180' title='bbox 484 1320 671 1349; x_wconf 85' lang='lat' dir='ltr'>quocumque</span> <span class='ocrx_word' id='word_1_181' title='bbox 687 1309 822 1341; x_wconf 85' lang='lat' dir='ltr'>Nomine</span> <span class='ocrx_word' id='word_1_182' title='bbox 834 1310 879 1340; x_wconf 92' lang='lat' dir='ltr'>vel</span> <span class='ocrx_word' id='word_1_183' title='bbox 894 1311 999 1341; x_wconf 86' lang='lat' dir='ltr'>Titulo</span> <span class='ocrx_word' id='word_1_184' title='bbox 1013 1311 1191 1347; x_wconf 86' lang='lat' dir='ltr'>censeantur,</span> <span class='ocrx_word' id='word_1_185' title='bbox 1206 1311 1250 1339; x_wconf 91' lang='lat' dir='ltr'>in-</span> 
     </span>
     <span class='ocr_line' id='line_1_37' title="bbox 184 1347 1248 1388; baseline -0.004 -6"><span class='ocrx_word' id='word_1_186' title='bbox 184 1352 226 1382; x_wconf 85' lang='lat' dir='ltr'>fra</span> <span class='ocrx_word' id='word_1_187' title='bbox 250 1351 390 1388; x_wconf 82' lang='lat' dir='ltr'>Regnum</span> <span class='ocrx_word' id='word_1_188' title='bbox 411 1351 445 1380; x_wconf 89' lang='lat'>&amp;</span> <span class='ocrx_word' id='word_1_189' title='bbox 467 1349 608 1380; x_wconf 88' lang='lat' dir='ltr'>Dominia</span> <span class='ocrx_word' id='word_1_190' title='bbox 627 1347 723 1379; x_wconf 88' lang='lat' dir='ltr'>nostra</span> <span class='ocrx_word' id='word_1_191' title='bbox 744 1348 940 1387; x_wconf 84' lang='lat' dir='ltr'>existentium,</span> <span class='ocrx_word' id='word_1_192' title='bbox 967 1359 1016 1385; x_wconf 89' lang='lat' dir='ltr'>per</span> <span class='ocrx_word' id='word_1_193' title='bbox 1036 1348 1183 1387; x_wconf 83' lang='lat' dir='ltr'>Gallicos,</span> <span class='ocrx_word' id='word_1_194' title='bbox 1202 1349 1248 1379; x_wconf 91' lang='lat' dir='ltr'>seu</span> 
     </span>
     <span class='ocr_line' id='line_1_38' title="bbox 184 1387 1250 1427; baseline -0.004 -7"><span class='ocrx_word' id='word_1_195' title='bbox 184 1390 262 1420; x_wconf 88' lang='lat' dir='ltr'>aliter</span> <span class='ocrx_word' id='word_1_196' title='bbox 286 1387 458 1427; x_wconf 65' lang='lat' dir='ltr'>Adversbrio</span> <span class='ocrx_word' id='word_1_197' title='bbox 475 1387 562 1426; x_wconf 77' lang='lat' dir='ltr'>nostro</span> <span class='ocrx_word' id='word_1_198' title='bbox 581 1390 704 1417; x_wconf 85' lang='lat' dir='ltr'>Franciae</span> <span class='ocrx_word' id='word_1_199' title='bbox 725 1387 943 1423; x_wconf 85' lang='lat' dir='ltr'>quomodolibet</span> <span class='ocrx_word' id='word_1_200' title='bbox 956 1388 1158 1423; x_wconf 84' lang='lat' dir='ltr'>Adhaerentes,</span> <span class='ocrx_word' id='word_1_201' title='bbox 1176 1396 1250 1424; x_wconf 90' lang='lat' dir='ltr'>quo-</span> 
     </span>
     <span class='ocr_line' id='line_1_39' title="bbox 185 1424 1250 1466; baseline -0.004 -7"><span class='ocrx_word' id='word_1_202' title='bbox 185 1428 404 1466; x_wconf 86' lang='lat' dir='ltr'>modocumque</span> <span class='ocrx_word' id='word_1_203' title='bbox 422 1432 646 1465; x_wconf 73' lang='lat' dir='ltr'>occupatorum,</span> <span class='ocrx_word' id='word_1_204' title='bbox 669 1425 705 1455; x_wconf 88' lang='lat' dir='ltr'>de</span> <span class='ocrx_word' id='word_1_205' title='bbox 728 1425 858 1456; x_wconf 85' lang='lat' dir='ltr'>Confilio</span> <span class='ocrx_word' id='word_1_206' title='bbox 879 1427 914 1457; x_wconf 86' lang='lat'>&amp;</span> <span class='ocrx_word' id='word_1_207' title='bbox 935 1426 1118 1456; x_wconf 87' lang='lat' dir='ltr'>Avisamento</span> <span class='ocrx_word' id='word_1_208' title='bbox 1143 1424 1250 1455; x_wconf 88' lang='lat' dir='ltr'>Proce-</span> 
     </span>
     <span class='ocr_line' id='line_1_40' title="bbox 186 1464 1251 1506; baseline -0.004 -9"><span class='ocrx_word' id='word_1_209' title='bbox 186 1477 252 1498; x_wconf 84' lang='lat' dir='ltr'>rum</span> <span class='ocrx_word' id='word_1_210' title='bbox 275 1466 371 1506; x_wconf 82' lang='lat' dir='ltr'>Regni</span> <span class='ocrx_word' id='word_1_211' title='bbox 396 1466 503 1504; x_wconf 80' lang='lat' dir='ltr'>nostri,</span> <span class='ocrx_word' id='word_1_212' title='bbox 521 1466 553 1497; x_wconf 66' lang='grc' dir='ltr'>ὃτ-</span> <span class='ocrx_word' id='word_1_213' title='bbox 574 1472 659 1503; x_wconf 83' lang='lat' dir='ltr'>prout</span> <span class='ocrx_word' id='word_1_214' title='bbox 671 1464 871 1503; x_wconf 75' lang='lat' dir='ltr'>Progenitores</span> <span class='ocrx_word' id='word_1_215' title='bbox 885 1464 973 1494; x_wconf 86' lang='lat' dir='ltr'>nostri</span> <span class='ocrx_word' id='word_1_216' title='bbox 987 1464 1070 1494; x_wconf 78' lang='lat' dir='ltr'>clarae</span> <span class='ocrx_word' id='word_1_217' title='bbox 1087 1465 1251 1501; x_wconf 75' lang='lat' dir='ltr'>memoriae,</span> 
     </span>
     <span class='ocr_line' id='line_1_41' title="bbox 185 1502 1251 1543; baseline -0.003 -7"><span class='ocrx_word' id='word_1_218' title='bbox 185 1505 350 1536; x_wconf 81' lang='lat' dir='ltr'>durantibus</span> <span class='ocrx_word' id='word_1_219' title='bbox 368 1505 505 1543; x_wconf 78' lang='lat' dir='ltr'>Guerris,</span> <span class='ocrx_word' id='word_1_220' title='bbox 524 1505 616 1535; x_wconf 84' lang='lat' dir='ltr'>facere</span> <span class='ocrx_word' id='word_1_221' title='bbox 637 1503 862 1540; x_wconf 80' lang='lat' dir='ltr'>consueverunt,</span> <span class='ocrx_word' id='word_1_222' title='bbox 888 1502 924 1532; x_wconf 84' lang='lat' dir='ltr'>ad</span> <span class='ocrx_word' id='word_1_223' title='bbox 945 1512 1044 1533; x_wconf 80' lang='lat' dir='ltr'>manus</span> <span class='ocrx_word' id='word_1_224' title='bbox 1068 1502 1176 1533; x_wconf 82' lang='lat' dir='ltr'>nostras</span> <span class='ocrx_word' id='word_1_225' title='bbox 1197 1513 1251 1541; x_wconf 88' lang='lat' dir='ltr'>po-</span> 
     </span>
     <span class='ocr_line' id='line_1_42' title="bbox 186 1540 1087 1581; baseline -0.003 -7"><span class='ocrx_word' id='word_1_226' title='bbox 186 1545 337 1581; x_wconf 83' lang='lat' dir='ltr'>suerimus,</span> <span class='ocrx_word' id='word_1_227' title='bbox 356 1542 512 1581; x_wconf 89' lang='lat' dir='ltr'>nostroque</span> <span class='ocrx_word' id='word_1_228' title='bbox 527 1540 642 1573; x_wconf 72' lang='lat' dir='ltr'>AErario</span> <span class='ocrx_word' id='word_1_229' title='bbox 660 1541 755 1571; x_wconf 80' lang='lat' dir='ltr'>Fiscali</span> <span class='ocrx_word' id='word_1_230' title='bbox 769 1541 924 1575; x_wconf 80' lang='lat' dir='ltr'>iusserimus</span> <span class='ocrx_word' id='word_1_231' title='bbox 937 1541 1087 1580; x_wconf 83' lang='lat' dir='ltr'>applicari,</span> 
     </span>
     <span class='ocr_line' id='line_1_43' title="bbox 185 1579 1252 1652; baseline -0.002 -40"><span class='ocrx_word' id='word_1_232' title='bbox 185 1582 487 1652; x_wconf 74' lang='lat' dir='ltr'>stSubsequenterque</span> <span class='ocrx_word' id='word_1_233' title='bbox 499 1604 509 1620; x_wconf 90' lang='lat'>,</span> <span class='ocrx_word' id='word_1_234' title='bbox 540 1590 591 1618; x_wconf 90' lang='lat' dir='ltr'>per</span> <span class='ocrx_word' id='word_1_235' title='bbox 611 1580 721 1618; x_wconf 86' lang='lat' dir='ltr'>aliquos</span> <span class='ocrx_word' id='word_1_236' title='bbox 739 1579 878 1610; x_wconf 86' lang='lat' dir='ltr'>Nuncios</span> <span class='ocrx_word' id='word_1_237' title='bbox 899 1579 944 1610; x_wconf 89' lang='lat' dir='ltr'>seu</span> <span class='ocrx_word' id='word_1_238' title='bbox 966 1580 1176 1611; x_wconf 64' lang='lat' dir='ltr'>Ambassatores</span> <span class='ocrx_word' id='word_1_239' title='bbox 1198 1590 1252 1610; x_wconf 91' lang='lat' dir='ltr'>no-</span> 
     </span>
     <span class='ocr_line' id='line_1_44' title="bbox 214 1631 259 1653; baseline -0.044 0"><span class='ocrx_word' id='word_1_240' title='bbox 214 1631 259 1653; x_wconf 75' lang='lat' dir='ltr'>ros</span> 
     </span>
    </p>

    <p class='ocr_par' dir='ltr' id='par_1_14' title="bbox 183 1643 1254 1808">
     <span class='ocr_line' id='line_1_45' title="bbox 226 1643 1253 1695; baseline -0.003 -5"><span class='ocrx_word' id='word_1_241' title='bbox 226 1643 275 1690; x_wconf 84' lang='lat' dir='ltr'>Ad’</span> <span class='ocrx_word' id='word_1_242' title='bbox 290 1668 345 1690; x_wconf 85' lang='lat' dir='ltr'>nos</span> <span class='ocrx_word' id='word_1_243' title='bbox 364 1657 401 1689; x_wconf 84' lang='lat' dir='ltr'>de</span> <span class='ocrx_word' id='word_1_244' title='bbox 421 1657 587 1695; x_wconf 77' lang='lat' dir='ltr'>Praesentia‚</span> <span class='ocrx_word' id='word_1_245' title='bbox 603 1656 776 1688; x_wconf 71' lang='lat' dir='ltr'>Sanfflffimi</span> <span class='ocrx_word' id='word_1_246' title='bbox 795 1656 885 1687; x_wconf 77' lang='lat' dir='ltr'>Patris</span> <span class='ocrx_word' id='word_1_247' title='bbox 907 1657 940 1688; x_wconf 89' lang='lat'>&amp;</span> <span class='ocrx_word' id='word_1_248' title='bbox 968 1657 1110 1695; x_wconf 78' lang='lat' dir='ltr'>Domini,</span> <span class='ocrx_word' id='word_1_249' title='bbox 1129 1657 1253 1688; x_wconf 82' lang='lat' dir='ltr'>Domini</span> 
     </span>
     <span class='ocr_line' id='line_1_46' title="bbox 186 1695 1254 1737; baseline -0.003 -8"><span class='ocrx_word' id='word_1_250' title='bbox 186 1698 310 1737; x_wconf 72' lang='lat' dir='ltr'>Urbani,</span> <span class='ocrx_word' id='word_1_251' title='bbox 328 1696 416 1734; x_wconf 65' lang='lat' dir='ltr'>digna</span> <span class='ocrx_word' id='word_1_252' title='bbox 428 1697 486 1727; x_wconf 88' lang='lat' dir='ltr'>Dei</span> <span class='ocrx_word' id='word_1_253' title='bbox 509 1695 710 1733; x_wconf 69' lang='lat' dir='ltr'>Providentia,</span> <span class='ocrx_word' id='word_1_254' title='bbox 729 1695 922 1726; x_wconf 67' lang='lat' dir='ltr'>Sacrosanrstae</span> <span class='ocrx_word' id='word_1_255' title='bbox 944 1695 1104 1734; x_wconf 81' lang='lat' dir='ltr'>Romanae,</span> <span class='ocrx_word' id='word_1_256' title='bbox 1119 1706 1152 1726; x_wconf 82' lang='lat' dir='ltr'>ac</span> <span class='ocrx_word' id='word_1_257' title='bbox 1173 1696 1254 1726; x_wconf 90' lang='lat' dir='ltr'>Uni-</span> 
     </span>
     <span class='ocr_line' id='line_1_47' title="bbox 183 1733 1254 1774; baseline -0.004 -5"><span class='ocrx_word' id='word_1_258' title='bbox 183 1737 296 1769; x_wconf 66' lang='lat' dir='ltr'>versaris</span> <span class='ocrx_word' id='word_1_259' title='bbox 317 1735 455 1767; x_wconf 81' lang='lat' dir='ltr'>Eccleliae</span> <span class='ocrx_word' id='word_1_260' title='bbox 475 1738 574 1765; x_wconf 76' lang='lat' dir='ltr'>Summi</span> <span class='ocrx_word' id='word_1_261' title='bbox 596 1733 756 1774; x_wconf 81' lang='lat' dir='ltr'>Ponttficis,</span> <span class='ocrx_word' id='word_1_262' title='bbox 780 1734 841 1765; x_wconf 89' lang='lat' dir='ltr'>veri</span> <span class='ocrx_word' id='word_1_263' title='bbox 861 1733 970 1765; x_wconf 85' lang='lat' dir='ltr'>Christi</span> <span class='ocrx_word' id='word_1_264' title='bbox 993 1734 1116 1773; x_wconf 83' lang='lat' dir='ltr'>Vicarii,</span> <span class='ocrx_word' id='word_1_265' title='bbox 1135 1735 1254 1765; x_wconf 88' lang='lat' dir='ltr'>redeun-</span> 
     </span>
     <span class='ocr_line' id='line_1_48' title="bbox 185 1783 230 1808; baseline -0.022 0"><span class='ocrx_word' id='word_1_266' title='bbox 185 1783 230 1808; x_wconf 66' lang='lat' dir='ltr'>&#39;tes</span> 
     </span>
    </p>

    <p class='ocr_par' dir='ltr' id='par_1_15' title="bbox 183 1801 1256 2045">
     <span class='ocr_line' id='line_1_49' title="bbox 227 1801 1254 1850; baseline -0.003 -5"><span class='ocrx_word' id='word_1_267' title='bbox 227 1801 334 1846; x_wconf 53' lang='lat' dir='ltr'>Ilicem</span> <span class='ocrx_word' id='word_1_268' title='bbox 355 1813 400 1845; x_wconf 89' lang='lat' dir='ltr'>seu</span> <span class='ocrx_word' id='word_1_269' title='bbox 420 1811 512 1843; x_wconf 80' lang='lat' dir='ltr'>Bullas</span> <span class='ocrx_word' id='word_1_270' title='bbox 536 1807 715 1849; x_wconf 82' lang='lat' dir='ltr'>Apostolicas</span> <span class='ocrx_word' id='word_1_271' title='bbox 737 1811 947 1850; x_wconf 65' lang='lat' dir='ltr'>receperimus,</span> <span class='ocrx_word' id='word_1_272' title='bbox 972 1813 1150 1842; x_wconf 74' lang='lat' dir='ltr'>continentes</span> <span class='ocrx_word' id='word_1_273' title='bbox 1173 1811 1254 1848; x_wconf 82' lang='lat' dir='ltr'>quod</span> 
     </span>
     <span class='ocr_line' id='line_1_50' title="bbox 186 1849 1255 1888; baseline -0.004 -4"><span class='ocrx_word' id='word_1_274' title='bbox 186 1851 270 1884; x_wconf 84' lang='lat' dir='ltr'>Duas</span> <span class='ocrx_word' id='word_1_275' title='bbox 285 1852 383 1883; x_wconf 73' lang='lat' dir='ltr'>Partes</span> <span class='ocrx_word' id='word_1_276' title='bbox 403 1851 580 1888; x_wconf 61' lang='lat' dir='ltr'>Fruihmm,</span> <span class='ocrx_word' id='word_1_277' title='bbox 599 1849 797 1888; x_wconf 86' lang='lat' dir='ltr'>Reddituum,</span> <span class='ocrx_word' id='word_1_278' title='bbox 825 1850 858 1880; x_wconf 87' lang='lat'>&amp;</span> <span class='ocrx_word' id='word_1_279' title='bbox 880 1849 1078 1881; x_wconf 87' lang='lat' dir='ltr'>Proventuum</span> <span class='ocrx_word' id='word_1_280' title='bbox 1096 1850 1255 1881; x_wconf 85' lang='lat' dir='ltr'>Beneficio-</span> 
     </span>
     <span class='ocr_line' id='line_1_51' title="bbox 188 1887 1255 1930; baseline -0.003 -8"><span class='ocrx_word' id='word_1_281' title='bbox 188 1901 254 1923; x_wconf 83' lang='lat' dir='ltr'>rum</span> <span class='ocrx_word' id='word_1_282' title='bbox 266 1890 445 1930; x_wconf 81' lang='lat' dir='ltr'>hujusmodi,</span> <span class='ocrx_word' id='word_1_283' title='bbox 461 1900 511 1928; x_wconf 88' lang='lat' dir='ltr'>per</span> <span class='ocrx_word' id='word_1_284' title='bbox 525 1889 595 1919; x_wconf 92' lang='lat' dir='ltr'>olim</span> <span class='ocrx_word' id='word_1_285' title='bbox 609 1888 788 1926; x_wconf 64' lang='lat' dir='ltr'>Cardinales,</span> <span class='ocrx_word' id='word_1_286' title='bbox 807 1887 857 1918; x_wconf 83' lang='lat' dir='ltr'>fibi</span> <span class='ocrx_word' id='word_1_287' title='bbox 871 1888 1019 1928; x_wconf 87' lang='lat' dir='ltr'>Rebelles,</span> <span class='ocrx_word' id='word_1_288' title='bbox 1035 1898 1255 1927; x_wconf 81' lang='lat' dir='ltr'>occupatorum,</span> 
     </span>
     <span class='ocr_line' id='line_1_52' title="bbox 183 1926 1255 1967; baseline -0.004 -6"><span class='ocrx_word' id='word_1_289' title='bbox 183 1931 325 1961; x_wconf 79' lang='lat' dir='ltr'>‘Camerae</span> <span class='ocrx_word' id='word_1_290' title='bbox 340 1932 395 1959; x_wconf 75' lang='lat' dir='ltr'>suae</span> <span class='ocrx_word' id='word_1_291' title='bbox 410 1928 601 1967; x_wconf 77' lang='lat' dir='ltr'>Apostolicae,</span> <span class='ocrx_word' id='word_1_292' title='bbox 619 1936 736 1965; x_wconf 81' lang='lat' dir='ltr'>propter</span> <span class='ocrx_word' id='word_1_293' title='bbox 751 1927 833 1967; x_wconf 75' lang='lat' dir='ltr'>ipiius</span> <span class='ocrx_word' id='word_1_294' title='bbox 846 1926 1030 1966; x_wconf 76' lang='lat' dir='ltr'>Indigenrias,</span> <span class='ocrx_word' id='word_1_295' title='bbox 1049 1928 1182 1958; x_wconf 84' lang='lat' dir='ltr'>Tertiam</span> <span class='ocrx_word' id='word_1_296' title='bbox 1204 1938 1255 1958; x_wconf 89' lang='lat' dir='ltr'>ve-</span> 
     </span>
     <span class='ocr_line' id='line_1_53' title="bbox 189 1965 1256 2005; baseline -0.004 -5"><span class='ocrx_word' id='word_1_297' title='bbox 189 1972 225 2000; x_wconf 85' lang='lat' dir='ltr'>ro</span> <span class='ocrx_word' id='word_1_298' title='bbox 249 1969 362 2000; x_wconf 77' lang='lat' dir='ltr'>Partem</span> <span class='ocrx_word' id='word_1_299' title='bbox 385 1967 621 2005; x_wconf 85' lang='lat' dir='ltr'>Reparationibus</span> <span class='ocrx_word' id='word_1_300' title='bbox 640 1965 852 1996; x_wconf 82' lang='lat' dir='ltr'>Beneficiorum</span> <span class='ocrx_word' id='word_1_301' title='bbox 873 1967 1042 1998; x_wconf 88' lang='lat' dir='ltr'>eorumdem</span> <span class='ocrx_word' id='word_1_302' title='bbox 1066 1966 1256 2005; x_wconf 76' lang='lat' dir='ltr'>Reparatione</span> 
     </span>
     <span class='ocr_line' id='line_1_54' title="bbox 191 2005 847 2045; baseline -0.006 -7"><span class='ocrx_word' id='word_1_303' title='bbox 191 2007 400 2045; x_wconf 58' lang='lat' dir='ltr'>indigentium,</span> <span class='ocrx_word' id='word_1_304' title='bbox 419 2006 529 2044; x_wconf 86' lang='lat' dir='ltr'>optavit</span> <span class='ocrx_word' id='word_1_305' title='bbox 543 2005 577 2037; x_wconf 90' lang='lat'>&amp;</span> <span class='ocrx_word' id='word_1_306' title='bbox 593 2005 683 2036; x_wconf 91' lang='lat' dir='ltr'>voluit</span> <span class='ocrx_word' id='word_1_307' title='bbox 698 2005 847 2044; x_wconf 85' lang='lat' dir='ltr'>applicari,</span> 
     </span>
    </p>

    <p class='ocr_par' dir='ltr' id='par_1_16' title="bbox 229 2046 355 2077">
     <span class='ocr_line' id='line_1_55' title="bbox 229 2046 355 2077; baseline -0.016 0"><span class='ocrx_word' id='word_1_308' title='bbox 229 2046 304 2077; x_wconf 91' lang='lat' dir='ltr'>Nos</span> <span class='ocrx_word' id='word_1_309' title='bbox 320 2056 355 2076; x_wconf 91' lang='lat' dir='ltr'>ue</span> 
     </span>
    </p>

    <p class='ocr_par' dir='ltr' id='par_1_17' title="bbox 193 2057 1260 2199">
     <span class='ocr_line' id='line_1_56' title="bbox 230 2057 1258 2123; baseline -0.001 -9"><span class='ocrx_word' id='word_1_310' title='bbox 230 2057 317 2123; x_wconf 54' lang='lat' dir='ltr'>Ipsiu}</span> <span class='ocrx_word' id='word_1_311' title='bbox 339 2068 511 2114; x_wconf 58' lang='lat' dir='ltr'>Sinetiffimi</span> <span class='ocrx_word' id='word_1_312' title='bbox 534 2081 623 2112; x_wconf 83' lang='lat' dir='ltr'>Patris</span> <span class='ocrx_word' id='word_1_313' title='bbox 639 2081 807 2120; x_wconf 82' lang='lat' dir='ltr'>Indigentias</span> <span class='ocrx_word' id='word_1_314' title='bbox 826 2081 860 2113; x_wconf 88' lang='lat'>&amp;</span> <span class='ocrx_word' id='word_1_315' title='bbox 883 2081 1036 2120; x_wconf 79' lang='lat' dir='ltr'>Sumptus,</span> <span class='ocrx_word' id='word_1_316' title='bbox 1057 2091 1130 2120; x_wconf 87' lang='lat' dir='ltr'>quos</span> <span class='ocrx_word' id='word_1_317' title='bbox 1142 2089 1258 2121; x_wconf 85' lang='lat' dir='ltr'>propter</span> 
     </span>
     <span class='ocr_line' id='line_1_57' title="bbox 193 2119 1260 2160; baseline -0.003 -6"><span class='ocrx_word' id='word_1_318' title='bbox 193 2121 404 2154; x_wconf 82' lang='lat' dir='ltr'>Defensionem</span> <span class='ocrx_word' id='word_1_319' title='bbox 429 2121 507 2152; x_wconf 84' lang='lat' dir='ltr'>Fidei</span> <span class='ocrx_word' id='word_1_320' title='bbox 529 2131 562 2151; x_wconf 82' lang='lat' dir='ltr'>ac</span> <span class='ocrx_word' id='word_1_321' title='bbox 584 2119 678 2151; x_wconf 70' lang='lat' dir='ltr'>Status</span> <span class='ocrx_word' id='word_1_322' title='bbox 688 2121 727 2151; x_wconf 88' lang='lat' dir='ltr'>sui</span> <span class='ocrx_word' id='word_1_323' title='bbox 742 2121 832 2158; x_wconf 88' lang='lat' dir='ltr'>ipsum</span> <span class='ocrx_word' id='word_1_324' title='bbox 847 2120 936 2150; x_wconf 90' lang='lat' dir='ltr'>indies</span> <span class='ocrx_word' id='word_1_325' title='bbox 948 2121 1098 2160; x_wconf 86' lang='lat' dir='ltr'>oportebat</span> <span class='ocrx_word' id='word_1_326' title='bbox 1110 2121 1260 2159; x_wconf 83' lang='lat' dir='ltr'>impende-</span> 
     </span>
     <span class='ocr_line' id='line_1_58' title="bbox 193 2159 946 2199; baseline -0.007 -6"><span class='ocrx_word' id='word_1_327' title='bbox 193 2173 225 2194; x_wconf 81' lang='lat' dir='ltr'>re</span> <span class='ocrx_word' id='word_1_328' title='bbox 258 2163 288 2192; x_wconf 89' lang='lat' dir='ltr'>in</span> <span class='ocrx_word' id='word_1_329' title='bbox 304 2163 358 2199; x_wconf 84' lang='lat' dir='ltr'>piae</span> <span class='ocrx_word' id='word_1_330' title='bbox 372 2160 600 2191; x_wconf 71' lang='lat' dir='ltr'>considerationis</span> <span class='ocrx_word' id='word_1_331' title='bbox 609 2160 738 2189; x_wconf 80' lang='lat' dir='ltr'>examine</span> <span class='ocrx_word' id='word_1_332' title='bbox 750 2159 946 2197; x_wconf 75' lang='lat' dir='ltr'>revolventes,</span> 
     </span>
    </p>

    <p class='ocr_par' dir='ltr' id='par_1_18' title="bbox 193 2185 1260 2276">
     <span class='ocr_line' id='line_1_59' title="bbox 228 2185 1260 2236; baseline -0.003 -4"><span class='ocrx_word' id='word_1_333' title='bbox 228 2185 314 2231; x_wconf 62' lang='lat' dir='ltr'>[icet</span> <span class='ocrx_word' id='word_1_334' title='bbox 327 2200 427 2231; x_wconf 89' lang='lat' dir='ltr'>omnia</span> <span class='ocrx_word' id='word_1_335' title='bbox 440 2198 518 2229; x_wconf 89' lang='lat' dir='ltr'>Bona</span> <span class='ocrx_word' id='word_1_336' title='bbox 529 2198 653 2236; x_wconf 84' lang='lat' dir='ltr'>ipsorum</span> <span class='ocrx_word' id='word_1_337' title='bbox 669 2197 867 2236; x_wconf 84' lang='lat' dir='ltr'>Gallicorum,</span> <span class='ocrx_word' id='word_1_338' title='bbox 880 2197 926 2228; x_wconf 89' lang='lat' dir='ltr'>seu</span> <span class='ocrx_word' id='word_1_339' title='bbox 940 2197 1005 2228; x_wconf 63' lang='lat' dir='ltr'>airas</span> <span class='ocrx_word' id='word_1_340' title='bbox 1020 2196 1190 2229; x_wconf 86' lang='lat' dir='ltr'>Adversario</span> <span class='ocrx_word' id='word_1_341' title='bbox 1205 2209 1260 2230; x_wconf 91' lang='lat' dir='ltr'>no-</span> 
     </span>
     <span class='ocr_line' id='line_1_60' title="bbox 193 2236 876 2276; baseline -0.006 -6"><span class='ocrx_word' id='word_1_342' title='bbox 193 2239 254 2270; x_wconf 86' lang='lat' dir='ltr'>stro</span> <span class='ocrx_word' id='word_1_343' title='bbox 268 2239 396 2270; x_wconf 81' lang='lat' dir='ltr'>Franciae</span> <span class='ocrx_word' id='word_1_344' title='bbox 409 2237 629 2276; x_wconf 85' lang='lat' dir='ltr'>quomodolibet</span> <span class='ocrx_word' id='word_1_345' title='bbox 643 2236 876 2273; x_wconf 80' lang='lat' dir='ltr'>Adhaerentium,</span> 
     </span>
    </p>

    <p class='ocr_par' dir='ltr' id='par_1_19' title="bbox 189 2273 1263 2393">
     <span class='ocr_line' id='line_1_61' title="bbox 231 2273 1260 2315; baseline -0.002 -6"><span class='ocrx_word' id='word_1_346' title='bbox 231 2278 322 2308; x_wconf 89' lang='lat' dir='ltr'>Sicuti</span> <span class='ocrx_word' id='word_1_347' title='bbox 337 2276 448 2308; x_wconf 83' lang='lat' dir='ltr'>constat</span> <span class='ocrx_word' id='word_1_348' title='bbox 461 2276 533 2314; x_wconf 82' lang='lat' dir='ltr'>ipsos</span> <span class='ocrx_word' id='word_1_349' title='bbox 549 2276 619 2305; x_wconf 90' lang='lat' dir='ltr'>olim</span> <span class='ocrx_word' id='word_1_350' title='bbox 635 2273 797 2306; x_wconf 86' lang='lat' dir='ltr'>Cardinales</span> <span class='ocrx_word' id='word_1_351' title='bbox 813 2275 942 2305; x_wconf 87' lang='lat' dir='ltr'>Gallicos</span> <span class='ocrx_word' id='word_1_352' title='bbox 958 2275 992 2306; x_wconf 91' lang='lat'>&amp;</span> <span class='ocrx_word' id='word_1_353' title='bbox 1009 2274 1203 2306; x_wconf 87' lang='lat' dir='ltr'>Limovicens.</span> <span class='ocrx_word' id='word_1_354' title='bbox 1212 2277 1260 2315; x_wconf 88' lang='lat' dir='ltr'>qui</span> 
     </span>
     <span class='ocr_line' id='line_1_62' title="bbox 189 2312 1263 2355; baseline -0.001 -8"><span class='ocrx_word' id='word_1_355' title='bbox 189 2316 249 2355; x_wconf 83' lang='lat' dir='ltr'>jam</span> <span class='ocrx_word' id='word_1_356' title='bbox 264 2316 344 2347; x_wconf 68' lang='lat' dir='ltr'>dicto</span> <span class='ocrx_word' id='word_1_357' title='bbox 359 2314 531 2346; x_wconf 71' lang='lat' dir='ltr'>sanfflssxmo</span> <span class='ocrx_word' id='word_1_358' title='bbox 545 2313 622 2344; x_wconf 86' lang='lat' dir='ltr'>Patri</span> <span class='ocrx_word' id='word_1_359' title='bbox 638 2313 674 2343; x_wconf 82' lang='lat' dir='ltr'>de</span> <span class='ocrx_word' id='word_1_360' title='bbox 690 2314 779 2344; x_wconf 59' lang='lat' dir='ltr'>Fadio</span> <span class='ocrx_word' id='word_1_361' title='bbox 792 2313 943 2353; x_wconf 79' lang='lat' dir='ltr'>rebellant,</span> <span class='ocrx_word' id='word_1_362' title='bbox 961 2312 1056 2344; x_wconf 85' lang='lat' dir='ltr'>eidem</span> <span class='ocrx_word' id='word_1_363' title='bbox 1077 2314 1193 2345; x_wconf 74' lang='lat' dir='ltr'>notorie</span> <span class='ocrx_word' id='word_1_364' title='bbox 1214 2316 1263 2346; x_wconf 87' lang='lat' dir='ltr'>ad-</span> 
     </span>
     <span class='ocr_line' id='line_1_63' title="bbox 193 2351 692 2393; baseline -0.008 -7"><span class='ocrx_word' id='word_1_365' title='bbox 193 2354 319 2393; x_wconf 72' lang='lat' dir='ltr'>h&#39;aerere,</span> <span class='ocrx_word' id='word_1_366' title='bbox 337 2355 370 2385; x_wconf 89' lang='lat'>&amp;</span> <span class='ocrx_word' id='word_1_367' title='bbox 386 2354 521 2384; x_wconf 66' lang='lat' dir='ltr'>hactenus</span> <span class='ocrx_word' id='word_1_368' title='bbox 534 2351 692 2390; x_wconf 79' lang='lat' dir='ltr'>adhaesisse,</span> 
     </span>
    </p>

    <p class='ocr_par' dir='ltr' id='par_1_20' title="bbox 192 2390 1263 2472">
     <span class='ocr_line' id='line_1_64' title="bbox 234 2390 1263 2432; baseline 0 -8"><span class='ocrx_word' id='word_1_369' title='bbox 234 2393 312 2425; x_wconf 71' lang='lat' dir='ltr'>Ini‘ra</span> <span class='ocrx_word' id='word_1_370' title='bbox 327 2393 466 2432; x_wconf 84' lang='lat' dir='ltr'>Regnum</span> <span class='ocrx_word' id='word_1_371' title='bbox 480 2393 514 2423; x_wconf 65' lang='grc' dir='ltr'>ὃς</span> <span class='ocrx_word' id='word_1_372' title='bbox 530 2391 668 2421; x_wconf 76' lang='lat' dir='ltr'>Dominia</span> <span class='ocrx_word' id='word_1_373' title='bbox 685 2390 779 2421; x_wconf 89' lang='lat' dir='ltr'>nostra</span> <span class='ocrx_word' id='word_1_374' title='bbox 794 2390 954 2430; x_wconf 79' lang='lat' dir='ltr'>existentia,</span> <span class='ocrx_word' id='word_1_375' title='bbox 972 2390 1056 2422; x_wconf 89' lang='lat' dir='ltr'>nobis</span> <span class='ocrx_word' id='word_1_376' title='bbox 1071 2390 1124 2423; x_wconf 86' lang='lat' dir='ltr'>fint</span> <span class='ocrx_word' id='word_1_377' title='bbox 1148 2391 1185 2422; x_wconf 91' lang='lat' dir='ltr'>de</span> <span class='ocrx_word' id='word_1_378' title='bbox 1205 2391 1263 2424; x_wconf 88' lang='lat' dir='ltr'>Le-</span> 
     </span>
     <span class='ocr_line' id='line_1_65' title="bbox 192 2429 852 2472; baseline -0.006 -9"><span class='ocrx_word' id='word_1_379' title='bbox 192 2440 231 2472; x_wconf 81' lang='lat' dir='ltr'>ge</span> <span class='ocrx_word' id='word_1_380' title='bbox 244 2432 329 2470; x_wconf 84' lang='lat' dir='ltr'>ipsius</span> <span class='ocrx_word' id='word_1_381' title='bbox 341 2432 440 2469; x_wconf 80' lang='lat' dir='ltr'>Regni</span> <span class='ocrx_word' id='word_1_382' title='bbox 455 2430 542 2461; x_wconf 87' lang='lat' dir='ltr'>nostri</span> <span class='ocrx_word' id='word_1_383' title='bbox 556 2431 672 2460; x_wconf 79' lang='lat' dir='ltr'>notorie</span> <span class='ocrx_word' id='word_1_384' title='bbox 687 2429 852 2468; x_wconf 80' lang='lat' dir='ltr'>confiscata,</span> 
     </span>
    </p>

    <p class='ocr_par' dir='ltr' id='par_1_21' title="bbox 195 2467 1262 2555">
     <span class='ocr_line' id='line_1_66' title="bbox 234 2467 1262 2507; baseline -0.002 -6"><span class='ocrx_word' id='word_1_385' title='bbox 234 2470 371 2502; x_wconf 78' lang='lat' dir='ltr'>volentes</span> <span class='ocrx_word' id='word_1_386' title='bbox 388 2478 483 2500; x_wconf 84' lang='lat' dir='ltr'>tamen</span> <span class='ocrx_word' id='word_1_387' title='bbox 503 2468 597 2499; x_wconf 87' lang='lat' dir='ltr'>eidem</span> <span class='ocrx_word' id='word_1_388' title='bbox 616 2467 786 2499; x_wconf 65' lang='lat' dir='ltr'>sanetiffimo</span> <span class='ocrx_word' id='word_1_389' title='bbox 807 2467 900 2507; x_wconf 85' lang='lat' dir='ltr'>Patri,</span> <span class='ocrx_word' id='word_1_390' title='bbox 920 2469 950 2498; x_wconf 90' lang='lat' dir='ltr'>in</span> <span class='ocrx_word' id='word_1_391' title='bbox 973 2475 1054 2500; x_wconf 90' lang='lat' dir='ltr'>tanto</span> <span class='ocrx_word' id='word_1_392' title='bbox 1077 2467 1262 2501; x_wconf 82' lang='lat' dir='ltr'>Neceffitatis</span> 
     </span>
     <span class='ocr_line' id='line_1_67' title="bbox 195 2508 666 2555; baseline -0.008 -14"><span class='ocrx_word' id='word_1_393' title='bbox 195 2508 329 2541; x_wconf 78' lang='lat' dir='ltr'>Articuio</span> <span class='ocrx_word' id='word_1_394' title='bbox 341 2509 507 2545; x_wconf 79' lang='lat' dir='ltr'>subvenire,</span> <span class='ocrx_word' id='word_1_395' title='bbox 657 2540 666 2555; x_wconf 50' lang='lat'><em>&#39;</em></span> 
     </span>
    </p>

    <p class='ocr_par' dir='ltr' id='par_1_22' title="bbox 194 2544 1267 3041">
     <span class='ocr_line' id='line_1_68' title="bbox 234 2544 1262 2582; baseline -0.002 -4"><span class='ocrx_word' id='word_1_396' title='bbox 234 2546 415 2579; x_wconf 88' lang='lat' dir='ltr'>Voluerimus</span> <span class='ocrx_word' id='word_1_397' title='bbox 435 2547 469 2578; x_wconf 88' lang='lat'>&amp;</span> <span class='ocrx_word' id='word_1_398' title='bbox 487 2546 524 2577; x_wconf 91' lang='lat' dir='ltr'>de</span> <span class='ocrx_word' id='word_1_399' title='bbox 547 2545 649 2576; x_wconf 60' lang='lat' dir='ltr'>Gratia</span> <span class='ocrx_word' id='word_1_400' title='bbox 663 2544 758 2576; x_wconf 54' lang='lat' dir='ltr'>nostr&amp;</span> <span class='ocrx_word' id='word_1_401' title='bbox 771 2544 881 2582; x_wconf 84' lang='lat' dir='ltr'>speciali</span> <span class='ocrx_word' id='word_1_402' title='bbox 894 2544 1126 2576; x_wconf 77' lang='lat' dir='ltr'>Concesserimus</span> <span class='ocrx_word' id='word_1_403' title='bbox 1139 2554 1170 2577; x_wconf 90' lang='lat' dir='ltr'>ut</span> <span class='ocrx_word' id='word_1_404' title='bbox 1186 2546 1262 2577; x_wconf 87' lang='lat' dir='ltr'>Col-</span> 
     </span>
     <span class='ocr_line' id='line_1_69' title="bbox 195 2583 1261 2626; baseline -0.002 -9"><span class='ocrx_word' id='word_1_405' title='bbox 195 2586 308 2625; x_wconf 69' lang='grc' dir='ltr'>Ῑεξῒοῑ,</span> <span class='ocrx_word' id='word_1_406' title='bbox 345 2587 389 2624; x_wconf 90' lang='lat' dir='ltr'>ui,</span> <span class='ocrx_word' id='word_1_407' title='bbox 405 2595 460 2626; x_wconf 88' lang='lat' dir='ltr'>pro</span> <span class='ocrx_word' id='word_1_408' title='bbox 484 2593 562 2622; x_wconf 88' lang='lat' dir='ltr'>parte</span> <span class='ocrx_word' id='word_1_409' title='bbox 581 2584 661 2622; x_wconf 79' lang='lat' dir='ltr'>ipsius</span> <span class='ocrx_word' id='word_1_410' title='bbox 681 2583 841 2614; x_wconf 66' lang='lat' dir='ltr'>iirnfflsfimi</span> <span class='ocrx_word' id='word_1_411' title='bbox 861 2584 949 2614; x_wconf 86' lang='lat' dir='ltr'>Patris</span> <span class='ocrx_word' id='word_1_412' title='bbox 966 2607 976 2622; x_wconf 92' lang='lat'>,</span> <span class='ocrx_word' id='word_1_413' title='bbox 993 2586 1022 2614; x_wconf 92' lang='lat' dir='ltr'>in</span> <span class='ocrx_word' id='word_1_414' title='bbox 1038 2583 1146 2621; x_wconf 63' lang='lat' dir='ltr'>Regno</span> <span class='ocrx_word' id='word_1_415' title='bbox 1161 2585 1261 2616; x_wconf 83' lang='lat' dir='ltr'>nostro</span> 
     </span>
     <span class='ocr_line' id='line_1_70' title="bbox 195 2622 1262 2664; baseline -0.001 -9"><span class='ocrx_word' id='word_1_416' title='bbox 195 2625 309 2664; x_wconf 68' lang='lat' dir='ltr'>Angli-x</span> <span class='ocrx_word' id='word_1_417' title='bbox 339 2632 401 2655; x_wconf 88' lang='lat' dir='ltr'>oret</span> <span class='ocrx_word' id='word_1_418' title='bbox 414 2647 423 2664; x_wconf 81' lang='lat'>‚</span> <span class='ocrx_word' id='word_1_419' title='bbox 450 2633 503 2662; x_wconf 89' lang='lat' dir='ltr'>pro</span> <span class='ocrx_word' id='word_1_420' title='bbox 528 2631 659 2660; x_wconf 89' lang='lat' dir='ltr'>tempore</span> <span class='ocrx_word' id='word_1_421' title='bbox 676 2645 686 2662; x_wconf 75' lang='lat'>,</span> <span class='ocrx_word' id='word_1_422' title='bbox 708 2622 744 2652; x_wconf 90' lang='lat' dir='ltr'>de</span> <span class='ocrx_word' id='word_1_423' title='bbox 758 2622 895 2653; x_wconf 89' lang='lat' dir='ltr'>omnibus</span> <span class='ocrx_word' id='word_1_424' title='bbox 911 2623 944 2653; x_wconf 72' lang='grc' dir='ltr'>ὃ(</span> <span class='ocrx_word' id='word_1_425' title='bbox 961 2622 1071 2662; x_wconf 71' lang='lat' dir='ltr'>singulis</span> <span class='ocrx_word' id='word_1_426' title='bbox 1087 2623 1262 2661; x_wconf 54' lang='lat' dir='ltr'>Frontibus,</span> 
     </span>
     <span class='ocr_line' id='line_1_71' title="bbox 194 2660 1261 2702; baseline -0.003 -8"><span class='ocrx_word' id='word_1_427' title='bbox 194 2663 367 2694; x_wconf 86' lang='lat' dir='ltr'>Redditibus</span> <span class='ocrx_word' id='word_1_428' title='bbox 381 2687 391 2702; x_wconf 89' lang='lat'>,</span> <span class='ocrx_word' id='word_1_429' title='bbox 417 2663 451 2693; x_wconf 74' lang='grc' dir='ltr'>δε</span> <span class='ocrx_word' id='word_1_430' title='bbox 473 2661 665 2692; x_wconf 86' lang='lat' dir='ltr'>Proventibus</span> <span class='ocrx_word' id='word_1_431' title='bbox 688 2660 895 2691; x_wconf 76' lang='lat' dir='ltr'>Beneficiorum</span> <span class='ocrx_word' id='word_1_432' title='bbox 918 2661 1103 2700; x_wconf 84' lang='lat' dir='ltr'>hujusmodi,</span> <span class='ocrx_word' id='word_1_433' title='bbox 1130 2672 1178 2700; x_wconf 89' lang='lat' dir='ltr'>per</span> <span class='ocrx_word' id='word_1_434' title='bbox 1190 2662 1261 2692; x_wconf 87' lang='lat' dir='ltr'>olim</span> 
     </span>
     <span class='ocr_line' id='line_1_72' title="bbox 196 2699 1261 2739; baseline -0.002 -7"><span class='ocrx_word' id='word_1_435' title='bbox 196 2700 376 2739; x_wconf 79' lang='lat' dir='ltr'>Cardinales,</span> <span class='ocrx_word' id='word_1_436' title='bbox 393 2702 488 2732; x_wconf 87' lang='lat' dir='ltr'>eidem</span> <span class='ocrx_word' id='word_1_437' title='bbox 499 2699 670 2730; x_wconf 64' lang='lat' dir='ltr'>sandriffimo</span> <span class='ocrx_word' id='word_1_438' title='bbox 687 2699 761 2730; x_wconf 86' lang='lat' dir='ltr'>Patri</span> <span class='ocrx_word' id='word_1_439' title='bbox 776 2700 927 2738; x_wconf 84' lang='lat' dir='ltr'>Rebelles,</span> <span class='ocrx_word' id='word_1_440' title='bbox 946 2701 1030 2730; x_wconf 87' lang='lat' dir='ltr'>etiam</span> <span class='ocrx_word' id='word_1_441' title='bbox 1051 2700 1070 2730; x_wconf 84' lang='lat' dir='ltr'>si</span> <span class='ocrx_word' id='word_1_442' title='bbox 1093 2702 1156 2738; x_wconf 88' lang='lat' dir='ltr'>puri</span> <span class='ocrx_word' id='word_1_443' title='bbox 1170 2700 1261 2731; x_wconf 80' lang='lat' dir='ltr'>Galli-</span> 
     </span>
     <span class='ocr_line' id='line_1_73' title="bbox 196 2737 1261 2778; baseline -0.002 -8"><span class='ocrx_word' id='word_1_444' title='bbox 196 2739 241 2778; x_wconf 85' lang='lat' dir='ltr'>ci,</span> <span class='ocrx_word' id='word_1_445' title='bbox 255 2741 301 2770; x_wconf 89' lang='lat' dir='ltr'>vel</span> <span class='ocrx_word' id='word_1_446' title='bbox 323 2741 389 2770; x_wconf 72' lang='lat' dir='ltr'>ali&#39;as</span> <span class='ocrx_word' id='word_1_447' title='bbox 411 2739 490 2769; x_wconf 67' lang='lat' dir='ltr'>dicto</span> <span class='ocrx_word' id='word_1_448' title='bbox 506 2738 674 2770; x_wconf 85' lang='lat' dir='ltr'>Adversario</span> <span class='ocrx_word' id='word_1_449' title='bbox 689 2737 790 2768; x_wconf 86' lang='lat' dir='ltr'>nostro</span> <span class='ocrx_word' id='word_1_450' title='bbox 805 2738 932 2769; x_wconf 76' lang='lat' dir='ltr'>Franciae</span> <span class='ocrx_word' id='word_1_451' title='bbox 947 2739 1134 2777; x_wconf 77' lang='lat' dir='ltr'>adhaerentes,</span> <span class='ocrx_word' id='word_1_452' title='bbox 1151 2740 1261 2778; x_wconf 82' lang='lat' dir='ltr'>forent,</span> 
     </span>
     <span class='ocr_line' id='line_1_74' title="bbox 197 2776 1262 2816; baseline -0.001 -8"><span class='ocrx_word' id='word_1_453' title='bbox 197 2779 407 2815; x_wconf 79' lang='lat' dir='ltr'>occupatorum</span> <span class='ocrx_word' id='word_1_454' title='bbox 423 2792 441 2816; x_wconf 85' lang='lat'>,-</span> <span class='ocrx_word' id='word_1_455' title='bbox 452 2777 558 2815; x_wconf 82' lang='lat' dir='ltr'>absque</span> <span class='ocrx_word' id='word_1_456' title='bbox 576 2776 783 2814; x_wconf 81' lang='lat' dir='ltr'>impedimento</span> <span class='ocrx_word' id='word_1_457' title='bbox 803 2776 894 2806; x_wconf 87' lang='lat' dir='ltr'>nostri</span> <span class='ocrx_word' id='word_1_458' title='bbox 917 2776 1093 2807; x_wconf 89' lang='lat' dir='ltr'>Officialium</span> <span class='ocrx_word' id='word_1_459' title='bbox 1107 2777 1152 2808; x_wconf 89' lang='lat' dir='ltr'>vel</span> <span class='ocrx_word' id='word_1_460' title='bbox 1169 2776 1262 2808; x_wconf 84' lang='lat' dir='ltr'>Mini-</span> 
     </span>
     <span class='ocr_line' id='line_1_75' title="bbox 197 2813 1263 2854; baseline 0.001 -8"><span class='ocrx_word' id='word_1_461' title='bbox 197 2816 320 2846; x_wconf 86' lang='lat' dir='ltr'>strorum</span> <span class='ocrx_word' id='word_1_462' title='bbox 336 2815 498 2846; x_wconf 86' lang='lat' dir='ltr'>nostrorum</span> <span class='ocrx_word' id='word_1_463' title='bbox 515 2824 783 2853; x_wconf 87' lang='lat' dir='ltr'>quorumcumque,</span> <span class='ocrx_word' id='word_1_464' title='bbox 800 2815 835 2845; x_wconf 85' lang='lat' dir='ltr'>ad</span> <span class='ocrx_word' id='word_1_465' title='bbox 848 2813 945 2845; x_wconf 87' lang='lat' dir='ltr'>Usum</span> <span class='ocrx_word' id='word_1_466' title='bbox 959 2817 992 2846; x_wconf 74' lang='grc' dir='ltr'>δε</span> <span class='ocrx_word' id='word_1_467' title='bbox 1005 2815 1168 2846; x_wconf 84' lang='lat' dir='ltr'>Utilitatem</span> <span class='ocrx_word' id='word_1_468' title='bbox 1182 2816 1263 2854; x_wconf 81' lang='lat' dir='ltr'>ipsius</span> 
     </span>
     <span class='ocr_line' id='line_1_76' title="bbox 198 2852 1264 2892; baseline -0.001 -6"><span class='ocrx_word' id='word_1_469' title='bbox 198 2854 360 2886; x_wconf 65' lang='lat' dir='ltr'>sanetiffimi</span> <span class='ocrx_word' id='word_1_470' title='bbox 381 2853 472 2884; x_wconf 82' lang='lat' dir='ltr'>Patris</span> <span class='ocrx_word' id='word_1_471' title='bbox 493 2854 526 2883; x_wconf 91' lang='lat'>&amp;</span> <span class='ocrx_word' id='word_1_472' title='bbox 548 2852 772 2890; x_wconf 82' lang='lat' dir='ltr'>Reparationum</span> <span class='ocrx_word' id='word_1_473' title='bbox 793 2852 994 2889; x_wconf 67' lang='lat' dir='ltr'>praedictarum</span> <span class='ocrx_word' id='word_1_474' title='bbox 1014 2853 1103 2884; x_wconf 81' lang='lat' dir='ltr'>libere</span> <span class='ocrx_word' id='word_1_475' title='bbox 1116 2854 1264 2892; x_wconf 82' lang='lat' dir='ltr'>disponere</span> 
     </span>
     <span class='ocr_line' id='line_1_77' title="bbox 197 2890 1263 2933; baseline 0.001 -9"><span class='ocrx_word' id='word_1_476' title='bbox 197 2893 320 2931; x_wconf 77' lang='lat' dir='ltr'>valeret,</span> <span class='ocrx_word' id='word_1_477' title='bbox 339 2894 369 2923; x_wconf 87' lang='lat' dir='ltr'>in</span> <span class='ocrx_word' id='word_1_478' title='bbox 389 2891 501 2930; x_wconf 58' lang='lat' dir='ltr'>sormi,</span> <span class='ocrx_word' id='word_1_479' title='bbox 520 2890 619 2921; x_wconf 86' lang='lat' dir='ltr'>Nobis</span> <span class='ocrx_word' id='word_1_480' title='bbox 641 2892 670 2921; x_wconf 88' lang='lat' dir='ltr'>in</span> <span class='ocrx_word' id='word_1_481' title='bbox 689 2890 771 2921; x_wconf 67' lang='lat' dir='ltr'>dietis</span> <span class='ocrx_word' id='word_1_482' title='bbox 788 2891 889 2921; x_wconf 85' lang='lat' dir='ltr'>Literis</span> <span class='ocrx_word' id='word_1_483' title='bbox 905 2891 1077 2929; x_wconf 85' lang='lat' dir='ltr'>Apostolicis</span> <span class='ocrx_word' id='word_1_484' title='bbox 1091 2893 1263 2933; x_wconf 49' lang='lat' dir='ltr'>expressae,</span> 
     </span>
     <span class='ocr_line' id='line_1_78' title="bbox 198 2929 1267 2972; baseline 0.001 -10"><span class='ocrx_word' id='word_1_485' title='bbox 198 2932 287 2971; x_wconf 85' lang='lat' dir='ltr'>usque</span> <span class='ocrx_word' id='word_1_486' title='bbox 307 2931 341 2962; x_wconf 85' lang='lat' dir='ltr'>ad</span> <span class='ocrx_word' id='word_1_487' title='bbox 366 2930 481 2961; x_wconf 77' lang='lat' dir='ltr'>Festum</span> <span class='ocrx_word' id='word_1_488' title='bbox 500 2931 635 2960; x_wconf 86' lang='lat' dir='ltr'>omnium</span> <span class='ocrx_word' id='word_1_489' title='bbox 656 2929 836 2966; x_wconf 64' lang='lat' dir='ltr'>sancitorum,</span> <span class='ocrx_word' id='word_1_490' title='bbox 852 2931 988 2968; x_wconf 73' lang='lat' dir='ltr'>proximo</span> <span class='ocrx_word' id='word_1_491' title='bbox 1000 2932 1058 2969; x_wconf 86' lang='lat' dir='ltr'>jam</span> <span class='ocrx_word' id='word_1_492' title='bbox 1071 2933 1267 2972; x_wconf 78' lang='lat' dir='ltr'>praeteritum,</span> 
     </span>
     <span class='ocr_line' id='line_1_79' title="bbox 198 2968 1263 3010; baseline 0.002 -9"><span class='ocrx_word' id='word_1_493' title='bbox 198 2971 333 3010; x_wconf 84' lang='lat' dir='ltr'>proutin</span> <span class='ocrx_word' id='word_1_494' title='bbox 353 2968 456 3000; x_wconf 84' lang='lat' dir='ltr'>Literis</span> <span class='ocrx_word' id='word_1_495' title='bbox 474 2968 574 3000; x_wconf 86' lang='lat' dir='ltr'>nostris</span> <span class='ocrx_word' id='word_1_496' title='bbox 594 2968 769 3007; x_wconf 69' lang='lat' dir='ltr'>Parentibus,</span> <span class='ocrx_word' id='word_1_497' title='bbox 786 2968 853 2999; x_wconf 75' lang='lat' dir='ltr'>inde</span> <span class='ocrx_word' id='word_1_498' title='bbox 868 2969 1026 3008; x_wconf 63' lang='lat' dir='ltr'>conferitis,</span> <span class='ocrx_word' id='word_1_499' title='bbox 1043 2970 1153 3008; x_wconf 73' lang='lat' dir='ltr'>plenius</span> <span class='ocrx_word' id='word_1_500' title='bbox 1167 2973 1263 3003; x_wconf 84' lang='lat' dir='ltr'>conti-</span> 
     </span>
     <span class='ocr_line' id='line_1_80' title="bbox 199 3014 550 3041; baseline -0.009 0"><span class='ocrx_word' id='word_1_501' title='bbox 199 3014 282 3041; x_wconf 66' lang='lat' dir='ltr'>netur</span> <span class='ocrx_word' id='word_1_502' title='bbox 548 3035 550 3038; x_wconf 80' lang='grc'>,</span> 
     </span>
    </p>

    <p class='ocr_par' dir='ltr' id='par_1_23' title="bbox 200 3033 1275 3622">
     <span class='ocr_line' id='line_1_81' title="bbox 238 3033 1269 3087; baseline 0.001 -9"><span class='ocrx_word' id='word_1_503' title='bbox 238 3033 324 3086; x_wconf 52' lang='lat' dir='ltr'>Nos,</span> <span class='ocrx_word' id='word_1_504' title='bbox 344 3055 378 3078; x_wconf 78' lang='lat' dir='ltr'>ex</span> <span class='ocrx_word' id='word_1_505' title='bbox 401 3046 584 3077; x_wconf 80' lang='lat' dir='ltr'>Avisamento</span> <span class='ocrx_word' id='word_1_506' title='bbox 604 3046 637 3076; x_wconf 89' lang='lat'>&amp;</span> <span class='ocrx_word' id='word_1_507' title='bbox 661 3044 777 3076; x_wconf 87' lang='lat' dir='ltr'>Assensu</span> <span class='ocrx_word' id='word_1_508' title='bbox 795 3045 923 3076; x_wconf 85' lang='lat' dir='ltr'>Concilii</span> <span class='ocrx_word' id='word_1_509' title='bbox 938 3046 1044 3084; x_wconf 91' lang='lat' dir='ltr'>nostri,</span> <span class='ocrx_word' id='word_1_510' title='bbox 1062 3047 1096 3078; x_wconf 75' lang='grc' dir='ltr'>δε</span> <span class='ocrx_word' id='word_1_511' title='bbox 1107 3047 1141 3078; x_wconf 85' lang='lat' dir='ltr'>ad</span> <span class='ocrx_word' id='word_1_512' title='bbox 1157 3047 1269 3087; x_wconf 83' lang='lat' dir='ltr'>Suppli-</span> 
     </span>
     <span class='ocr_line' id='line_1_82' title="bbox 201 3083 1269 3124; baseline 0 -7"><span class='ocrx_word' id='word_1_513' title='bbox 201 3087 364 3124; x_wconf 66' lang='lat' dir='ltr'>cntionem,</span> <span class='ocrx_word' id='word_1_514' title='bbox 383 3085 554 3116; x_wconf 75' lang='lat' dir='ltr'>Venerabilis</span> <span class='ocrx_word' id='word_1_515' title='bbox 568 3086 599 3114; x_wconf 87' lang='lat' dir='ltr'>in</span> <span class='ocrx_word' id='word_1_516' title='bbox 613 3083 733 3114; x_wconf 81' lang='lat' dir='ltr'>Christo</span> <span class='ocrx_word' id='word_1_517' title='bbox 748 3085 852 3123; x_wconf 86' lang='lat' dir='ltr'>Patris,</span> <span class='ocrx_word' id='word_1_518' title='bbox 869 3087 914 3115; x_wconf 89' lang='lat' dir='ltr'>W.</span> <span class='ocrx_word' id='word_1_519' title='bbox 928 3085 1125 3124; x_wconf 82' lang='lat' dir='ltr'>Archiepiscopi</span> <span class='ocrx_word' id='word_1_520' title='bbox 1144 3091 1269 3117; x_wconf 79' lang='lat' dir='ltr'>cantua-</span> 
     </span>
     <span class='ocr_line' id='line_1_83' title="bbox 200 3123 1269 3165; baseline 0.001 -9"><span class='ocrx_word' id='word_1_521' title='bbox 200 3125 310 3165; x_wconf 82' lang='lat' dir='ltr'>rienfis,</span> <span class='ocrx_word' id='word_1_522' title='bbox 326 3125 412 3155; x_wconf 84' lang='lat' dir='ltr'>totius</span> <span class='ocrx_word' id='word_1_523' title='bbox 429 3124 538 3162; x_wconf 78' lang='lat' dir='ltr'>Angliae</span> <span class='ocrx_word' id='word_1_524' title='bbox 552 3124 695 3161; x_wconf 84' lang='lat' dir='ltr'>Primatis,</span> <span class='ocrx_word' id='word_1_525' title='bbox 715 3123 751 3153; x_wconf 91' lang='lat' dir='ltr'>de</span> <span class='ocrx_word' id='word_1_526' title='bbox 767 3123 892 3154; x_wconf 88' lang='lat' dir='ltr'>uberiori</span> <span class='ocrx_word' id='word_1_527' title='bbox 907 3123 1007 3155; x_wconf 62' lang='lat' dir='ltr'>Gratia</span> <span class='ocrx_word' id='word_1_528' title='bbox 1021 3124 1116 3155; x_wconf 67' lang='lat' dir='ltr'>nostri</span> <span class='ocrx_word' id='word_1_529' title='bbox 1125 3123 1269 3157; x_wconf 82' lang='lat' dir='ltr'>Volumus</span> 
     </span>
     <span class='ocr_line' id='line_1_84' title="bbox 204 3161 1269 3202; baseline 0.001 -8"><span class='ocrx_word' id='word_1_530' title='bbox 204 3164 256 3201; x_wconf 68' lang='grc' dir='ltr'>δε,</span> <span class='ocrx_word' id='word_1_531' title='bbox 273 3163 391 3192; x_wconf 85' lang='lat' dir='ltr'>Tenore</span> <span class='ocrx_word' id='word_1_532' title='bbox 414 3162 616 3200; x_wconf 80' lang='lat' dir='ltr'>Praesemium,</span> <span class='ocrx_word' id='word_1_533' title='bbox 636 3161 834 3193; x_wconf 89' lang='lat' dir='ltr'>Concedimus</span> <span class='ocrx_word' id='word_1_534' title='bbox 849 3162 948 3202; x_wconf 78' lang='lat' dir='ltr'>quod,</span> <span class='ocrx_word' id='word_1_535' title='bbox 965 3173 980 3194; x_wconf 88' lang='lat' dir='ltr'>a</span> <span class='ocrx_word' id='word_1_536' title='bbox 996 3162 1077 3194; x_wconf 60' lang='lat' dir='ltr'>dieo</span> <span class='ocrx_word' id='word_1_537' title='bbox 1093 3163 1177 3195; x_wconf 89' lang='lat' dir='ltr'>Festo</span> <span class='ocrx_word' id='word_1_538' title='bbox 1191 3165 1269 3195; x_wconf 90' lang='lat' dir='ltr'>Om-</span> 
     </span>
     <span class='ocr_line' id='line_1_85' title="bbox 203 3197 1273 3243; baseline 0.002 -11"><span class='ocrx_word' id='word_1_539' title='bbox 203 3197 284 3232; x_wconf 84' lang='lat' dir='ltr'>nium</span> <span class='ocrx_word' id='word_1_540' title='bbox 298 3198 472 3230; x_wconf 56' lang='lat' dir='ltr'>Sanctorum</span> <span class='ocrx_word' id='word_1_541' title='bbox 488 3223 498 3238; x_wconf 87' lang='lat'>,</span> <span class='ocrx_word' id='word_1_542' title='bbox 522 3200 626 3232; x_wconf 77' lang='lat' dir='ltr'>ultimo</span> <span class='ocrx_word' id='word_1_543' title='bbox 641 3202 800 3239; x_wconf 84' lang='lat' dir='ltr'>praeterito,</span> <span class='ocrx_word' id='word_1_544' title='bbox 820 3212 869 3239; x_wconf 90' lang='lat' dir='ltr'>per</span> <span class='ocrx_word' id='word_1_545' title='bbox 884 3201 967 3231; x_wconf 90' lang='lat' dir='ltr'>Duos</span> <span class='ocrx_word' id='word_1_546' title='bbox 982 3202 1084 3233; x_wconf 85' lang='lat' dir='ltr'>Annos</span> <span class='ocrx_word' id='word_1_547' title='bbox 1100 3204 1273 3243; x_wconf 89' lang='lat' dir='ltr'>continuos,</span> 
     </span>
     <span class='ocr_line' id='line_1_86' title="bbox 203 3238 1271 3278; baseline 0.003 -8"><span class='ocrx_word' id='word_1_548' title='bbox 203 3249 308 3271; x_wconf 81' lang='lat' dir='ltr'>exrunc</span> <span class='ocrx_word' id='word_1_549' title='bbox 328 3239 463 3277; x_wconf 79' lang='lat' dir='ltr'>proximo</span> <span class='ocrx_word' id='word_1_550' title='bbox 483 3239 611 3278; x_wconf 81' lang='lat' dir='ltr'>futuros,</span> <span class='ocrx_word' id='word_1_551' title='bbox 631 3238 781 3270; x_wconf 67' lang='lat' dir='ltr'>Collector</span> <span class='ocrx_word' id='word_1_552' title='bbox 796 3238 865 3270; x_wconf 69' lang='lat' dir='ltr'>dieti</span> <span class='ocrx_word' id='word_1_553' title='bbox 881 3239 1005 3270; x_wconf 87' lang='lat' dir='ltr'>Domini</span> <span class='ocrx_word' id='word_1_554' title='bbox 1022 3240 1135 3272; x_wconf 88' lang='lat' dir='ltr'>Summi</span> <span class='ocrx_word' id='word_1_555' title='bbox 1151 3242 1271 3273; x_wconf 80' lang='lat' dir='ltr'>Pontifi-</span> 
     </span>
     <span class='ocr_line' id='line_1_87' title="bbox 203 3277 1271 3317; baseline 0.003 -8"><span class='ocrx_word' id='word_1_556' title='bbox 203 3279 261 3317; x_wconf 89' lang='lat' dir='ltr'>cis,</span> <span class='ocrx_word' id='word_1_557' title='bbox 279 3278 328 3316; x_wconf 88' lang='lat' dir='ltr'>qui</span> <span class='ocrx_word' id='word_1_558' title='bbox 350 3287 401 3315; x_wconf 86' lang='lat' dir='ltr'>pro</span> <span class='ocrx_word' id='word_1_559' title='bbox 425 3284 557 3314; x_wconf 87' lang='lat' dir='ltr'>tempore</span> <span class='ocrx_word' id='word_1_560' title='bbox 576 3277 606 3306; x_wconf 86' lang='lat' dir='ltr'>in</span> <span class='ocrx_word' id='word_1_561' title='bbox 628 3277 710 3307; x_wconf 68' lang='lat' dir='ltr'>disto</span> <span class='ocrx_word' id='word_1_562' title='bbox 726 3277 836 3315; x_wconf 85' lang='lat' dir='ltr'>Regno</span> <span class='ocrx_word' id='word_1_563' title='bbox 850 3278 949 3309; x_wconf 91' lang='lat' dir='ltr'>nostro</span> <span class='ocrx_word' id='word_1_564' title='bbox 964 3279 1063 3317; x_wconf 88' lang='lat' dir='ltr'>fuerit,</span> <span class='ocrx_word' id='word_1_565' title='bbox 1081 3280 1117 3311; x_wconf 90' lang='lat' dir='ltr'>de</span> <span class='ocrx_word' id='word_1_566' title='bbox 1131 3284 1271 3312; x_wconf 86' lang='lat' dir='ltr'>omnibus</span> 
     </span>
     <span class='ocr_line' id='line_1_88' title="bbox 202 3314 1271 3355; baseline 0.003 -7"><span class='ocrx_word' id='word_1_567' title='bbox 202 3318 237 3348; x_wconf 89' lang='lat'>&amp;</span> <span class='ocrx_word' id='word_1_568' title='bbox 257 3315 368 3355; x_wconf 82' lang='lat' dir='ltr'>singulis</span> <span class='ocrx_word' id='word_1_569' title='bbox 389 3315 548 3346; x_wconf 70' lang='lat' dir='ltr'>Fruetubus</span> <span class='ocrx_word' id='word_1_570' title='bbox 561 3337 570 3352; x_wconf 83' lang='grc'>,</span> <span class='ocrx_word' id='word_1_571' title='bbox 596 3314 785 3353; x_wconf 80' lang='lat' dir='ltr'>Redditibus,</span> <span class='ocrx_word' id='word_1_572' title='bbox 805 3316 838 3346; x_wconf 77' lang='grc' dir='ltr'>δε</span> <span class='ocrx_word' id='word_1_573' title='bbox 851 3317 1043 3348; x_wconf 88' lang='lat' dir='ltr'>Proventibus</span> <span class='ocrx_word' id='word_1_574' title='bbox 1058 3318 1271 3351; x_wconf 79' lang='lat' dir='ltr'>Beneficiorum</span> 
     </span>
     <span class='ocr_line' id='line_1_89' title="bbox 205 3351 1272 3393; baseline 0.004 -8"><span class='ocrx_word' id='word_1_575' title='bbox 205 3355 365 3393; x_wconf 82' lang='lat' dir='ltr'>hujusmodi</span> <span class='ocrx_word' id='word_1_576' title='bbox 383 3378 393 3392; x_wconf 75' lang='grc'><em>,</em></span> <span class='ocrx_word' id='word_1_577' title='bbox 419 3364 469 3391; x_wconf 90' lang='lat' dir='ltr'>per</span> <span class='ocrx_word' id='word_1_578' title='bbox 483 3353 556 3383; x_wconf 89' lang='lat' dir='ltr'>olim</span> <span class='ocrx_word' id='word_1_579' title='bbox 572 3351 733 3384; x_wconf 79' lang='lat' dir='ltr'>Cardinales</span> <span class='ocrx_word' id='word_1_580' title='bbox 768 3353 860 3384; x_wconf 80' lang='lat' dir='ltr'>eldem</span> <span class='ocrx_word' id='word_1_581' title='bbox 874 3354 1056 3386; x_wconf 71' lang='lat' dir='ltr'>Sanffiffimo</span> <span class='ocrx_word' id='word_1_582' title='bbox 1071 3355 1146 3387; x_wconf 89' lang='lat' dir='ltr'>Patri</span> <span class='ocrx_word' id='word_1_583' title='bbox 1161 3358 1272 3389; x_wconf 83' lang='lat' dir='ltr'>Rebel-</span> 
     </span>
     <span class='ocr_line' id='line_1_90' title="bbox 205 3377 1273 3435; baseline 0.003 -11"><span class='ocrx_word' id='word_1_584' title='bbox 205 3392 246 3424; x_wconf 77' lang='lat' dir='ltr'>les</span> <span class='ocrx_word' id='word_1_585' title='bbox 260 3416 270 3432; x_wconf 81' lang='lat'>,</span> <span class='ocrx_word' id='word_1_586' title='bbox 295 3393 383 3423; x_wconf 89' lang='lat' dir='ltr'>etiam</span> <span class='ocrx_word' id='word_1_587' title='bbox 407 3392 425 3422; x_wconf 82' lang='lat' dir='ltr'>fi</span> <span class='ocrx_word' id='word_1_588' title='bbox 445 3392 509 3430; x_wconf 85' lang='lat' dir='ltr'>puri</span> <span class='ocrx_word' id='word_1_589' title='bbox 524 3390 647 3431; x_wconf 79' lang='lat' dir='ltr'>Gallici;</span> <span class='ocrx_word' id='word_1_590' title='bbox 665 3391 711 3423; x_wconf 85' lang='lat' dir='ltr'>vel</span> <span class='ocrx_word' id='word_1_591' title='bbox 725 3377 787 3422; x_wconf 65' lang='lat' dir='ltr'>aistis</span> <span class='ocrx_word' id='word_1_592' title='bbox 802 3391 883 3422; x_wconf 67' lang='lat' dir='ltr'>dieto</span> <span class='ocrx_word' id='word_1_593' title='bbox 895 3393 1069 3432; x_wconf 71' lang='lat' dir='ltr'>Adversario</span> <span class='ocrx_word' id='word_1_594' title='bbox 1084 3394 1170 3435; x_wconf 80' lang='lat' dir='ltr'>nostro</span> <span class='ocrx_word' id='word_1_595' title='bbox 1183 3400 1273 3427; x_wconf 83' lang='lat' dir='ltr'>Fran-</span> 
     </span>
     <span class='ocr_line' id='line_1_91' title="bbox 207 3431 1274 3471; baseline 0.004 -9"><span class='ocrx_word' id='word_1_596' title='bbox 207 3435 254 3462; x_wconf 81' lang='lat' dir='ltr'>ciae</span> <span class='ocrx_word' id='word_1_597' title='bbox 278 3431 460 3462; x_wconf 82' lang='lat' dir='ltr'>Adhaerentes</span> <span class='ocrx_word' id='word_1_598' title='bbox 473 3453 483 3469; x_wconf 87' lang='lat'>,</span> <span class='ocrx_word' id='word_1_599' title='bbox 506 3431 669 3467; x_wconf 83' lang='lat' dir='ltr'>extiterint,</span> <span class='ocrx_word' id='word_1_600' title='bbox 694 3439 924 3469; x_wconf 87' lang='lat' dir='ltr'>occupatorum,</span> <span class='ocrx_word' id='word_1_601' title='bbox 946 3432 1047 3471; x_wconf 82' lang='lat' dir='ltr'>absque</span> <span class='ocrx_word' id='word_1_602' title='bbox 1066 3434 1274 3471; x_wconf 81' lang='lat' dir='ltr'>impedimento</span> 
     </span>
     <span class='ocr_line' id='line_1_92' title="bbox 208 3467 1273 3513; baseline 0.004 -13"><span class='ocrx_word' id='word_1_603' title='bbox 208 3469 298 3501; x_wconf 86' lang='lat' dir='ltr'>nostrl</span> <span class='ocrx_word' id='word_1_604' title='bbox 323 3467 500 3499; x_wconf 85' lang='lat' dir='ltr'>Officialium</span> <span class='ocrx_word' id='word_1_605' title='bbox 523 3469 570 3499; x_wconf 90' lang='lat' dir='ltr'>vel</span> <span class='ocrx_word' id='word_1_606' title='bbox 589 3467 795 3500; x_wconf 79' lang='lat' dir='ltr'>Ministrorum</span> <span class='ocrx_word' id='word_1_607' title='bbox 820 3469 984 3500; x_wconf 89' lang='lat' dir='ltr'>nostrorum</span> <span class='ocrx_word' id='word_1_608' title='bbox 1005 3481 1273 3513; x_wconf 84' lang='lat' dir='ltr'>quorumcumque,</span> 
     </span>
     <span class='ocr_line' id='line_1_93' title="bbox 207 3506 1275 3548; baseline 0.003 -8"><span class='ocrx_word' id='word_1_609' title='bbox 207 3509 243 3540; x_wconf 84' lang='lat' dir='ltr'>ad</span> <span class='ocrx_word' id='word_1_610' title='bbox 264 3507 362 3538; x_wconf 88' lang='lat' dir='ltr'>Usum</span> <span class='ocrx_word' id='word_1_611' title='bbox 381 3507 416 3538; x_wconf 91' lang='lat'>&amp;</span> <span class='ocrx_word' id='word_1_612' title='bbox 435 3506 598 3538; x_wconf 87' lang='lat' dir='ltr'>Utilitatem</span> <span class='ocrx_word' id='word_1_613' title='bbox 618 3507 699 3545; x_wconf 78' lang='lat' dir='ltr'>ipsius</span> <span class='ocrx_word' id='word_1_614' title='bbox 713 3507 882 3539; x_wconf 73' lang='lat' dir='ltr'>Sanetiffimi</span> <span class='ocrx_word' id='word_1_615' title='bbox 895 3508 983 3539; x_wconf 82' lang='lat' dir='ltr'>Patris</span> <span class='ocrx_word' id='word_1_616' title='bbox 998 3510 1032 3541; x_wconf 78' lang='grc' dir='ltr'>δε</span> <span class='ocrx_word' id='word_1_617' title='bbox 1047 3509 1275 3548; x_wconf 72' lang='lat' dir='ltr'>Reparationum</span> 
     </span>
     <span class='ocr_line' id='line_1_94' title="bbox 207 3545 1274 3587; baseline 0.004 -9"><span class='ocrx_word' id='word_1_618' title='bbox 207 3546 407 3586; x_wconf 67' lang='lat' dir='ltr'>praedistaru‘m</span> <span class='ocrx_word' id='word_1_619' title='bbox 423 3568 433 3582; x_wconf 86' lang='lat'>,</span> <span class='ocrx_word' id='word_1_620' title='bbox 456 3545 546 3576; x_wconf 75' lang='lat' dir='ltr'>libere</span> <span class='ocrx_word' id='word_1_621' title='bbox 564 3545 710 3583; x_wconf 82' lang='lat' dir='ltr'>disponere</span> <span class='ocrx_word' id='word_1_622' title='bbox 730 3547 819 3578; x_wconf 79' lang='lat' dir='ltr'>valeat</span> <span class='ocrx_word' id='word_1_623' title='bbox 836 3548 864 3577; x_wconf 88' lang='lat' dir='ltr'>in</span> <span class='ocrx_word' id='word_1_624' title='bbox 887 3546 996 3578; x_wconf 63' lang='lat' dir='ltr'>Forma</span> <span class='ocrx_word' id='word_1_625' title='bbox 1007 3571 1017 3587; x_wconf 89' lang='lat'>‚</span> <span class='ocrx_word' id='word_1_626' title='bbox 1041 3549 1123 3579; x_wconf 90' lang='lat' dir='ltr'>nobis</span> <span class='ocrx_word' id='word_1_627' title='bbox 1144 3551 1174 3580; x_wconf 90' lang='lat' dir='ltr'>in</span> <span class='ocrx_word' id='word_1_628' title='bbox 1189 3550 1274 3582; x_wconf 67' lang='lat' dir='ltr'>dietis</span> 
     </span>
     <span class='ocr_line' id='line_1_95' title="bbox 210 3583 688 3622; baseline -0.004 -5"><span class='ocrx_word' id='word_1_629' title='bbox 210 3586 315 3618; x_wconf 90' lang='lat' dir='ltr'>Literis</span> <span class='ocrx_word' id='word_1_630' title='bbox 331 3583 504 3622; x_wconf 86' lang='lat' dir='ltr'>Apostolicis</span> <span class='ocrx_word' id='word_1_631' title='bbox 518 3583 688 3622; x_wconf 42' lang='lat' dir='ltr'>expremit&amp;</span> 
     </span>
    </p>

    <p class='ocr_par' dir='ltr' id='par_1_24' title="bbox 209 3621 1280 3732">
     <span class='ocr_line' id='line_1_96' title="bbox 246 3621 1278 3664; baseline 0.004 -10"><span class='ocrx_word' id='word_1_632' title='bbox 246 3624 405 3654; x_wconf 84' lang='lat' dir='ltr'>Reservatis</span> <span class='ocrx_word' id='word_1_633' title='bbox 420 3621 519 3653; x_wconf 85' lang='lat' dir='ltr'>Nobis</span> <span class='ocrx_word' id='word_1_634' title='bbox 536 3622 581 3653; x_wconf 89' lang='lat' dir='ltr'>seu</span> <span class='ocrx_word' id='word_1_635' title='bbox 592 3622 769 3661; x_wconf 82' lang='lat' dir='ltr'>Deputandis</span> <span class='ocrx_word' id='word_1_636' title='bbox 781 3634 831 3662; x_wconf 88' lang='lat' dir='ltr'>per</span> <span class='ocrx_word' id='word_1_637' title='bbox 846 3623 915 3655; x_wconf 85' lang='lat' dir='ltr'>Nos</span> <span class='ocrx_word' id='word_1_638' title='bbox 932 3624 1081 3664; x_wconf 78' lang='lat' dir='ltr'>Supervisu</span> <span class='ocrx_word' id='word_1_639' title='bbox 1102 3627 1137 3658; x_wconf 68' lang='grc' dir='ltr'>ὃ(</span> <span class='ocrx_word' id='word_1_640' title='bbox 1151 3626 1278 3659; x_wconf 88' lang='lat' dir='ltr'>Ordina-</span> 
     </span>
     <span class='ocr_line' id='line_1_97' title="bbox 209 3659 1280 3709; baseline 0.004 -16"><span class='ocrx_word' id='word_1_641' title='bbox 209 3661 290 3709; x_wconf 81' lang='lat' dir='ltr'>tione</span> <span class='ocrx_word' id='word_1_642' title='bbox 309 3661 429 3701; x_wconf 80' lang='lat' dir='ltr'>ipsarum</span> <span class='ocrx_word' id='word_1_643' title='bbox 450 3659 664 3699; x_wconf 80' lang='lat' dir='ltr'>operationum</span> <span class='ocrx_word' id='word_1_644' title='bbox 677 3684 688 3700; x_wconf 88' lang='lat'>‚</span> <span class='ocrx_word' id='word_1_645' title='bbox 713 3672 780 3700; x_wconf 80' lang='lat' dir='ltr'>quas</span> <span class='ocrx_word' id='word_1_646' title='bbox 797 3661 878 3694; x_wconf 83' lang='lat' dir='ltr'>nullo</span> <span class='ocrx_word' id='word_1_647' title='bbox 900 3663 992 3694; x_wconf 90' lang='lat' dir='ltr'>modo</span> <span class='ocrx_word' id='word_1_648' title='bbox 1014 3664 1148 3696; x_wconf 86' lang='lat' dir='ltr'>volumus</span> <span class='ocrx_word' id='word_1_649' title='bbox 1163 3675 1280 3704; x_wconf 85' lang='lat' dir='ltr'>praeter-</span> 
     </span>
     <span class='ocr_line' id='line_1_98' title="bbox 212 3710 298 3732; baseline -0.012 0"><span class='ocrx_word' id='word_1_650' title='bbox 212 3710 298 3732; x_wconf 80' lang='lat' dir='ltr'>mitti.</span> 
     </span>
    </p>

    <p class='ocr_par' dir='ltr' id='par_1_25' title="bbox 248 3738 1047 3778">
     <span class='ocr_line' id='line_1_99' title="bbox 248 3738 1047 3778; baseline -0.003 -8"><span class='ocrx_word' id='word_1_651' title='bbox 248 3738 283 3770; x_wconf 84' lang='lat' dir='ltr'>In</span> <span class='ocrx_word' id='word_1_652' title='bbox 296 3739 390 3778; x_wconf 84' lang='lat' dir='ltr'>cujus,</span> <span class='ocrx_word' id='word_1_653' title='bbox 411 3739 474 3770; x_wconf 85' lang='lat' dir='ltr'>&amp;c.</span> <span class='ocrx_word' id='word_1_654' title='bbox 1046 3752 1047 3755; x_wconf 44' lang='lat'>¹</span> 
     </span>
    </p>

    <p class='ocr_par' dir='ltr' id='par_1_26' title="bbox 223 3774 1208 3818">
     <span class='ocr_line' id='line_1_100' title="bbox 223 3774 1208 3818; baseline 0.001 -8"><span class='ocrx_word' id='word_1_655' title='bbox 223 3781 226 3784; x_wconf 84' lang='grc'><strong>’</strong></span> <span class='ocrx_word' id='word_1_656' title='bbox 283 3776 376 3810; x_wconf 74' lang='lat' dir='ltr'>Teste</span> <span class='ocrx_word' id='word_1_657' title='bbox 386 3777 471 3818; x_wconf 81' lang='lat' dir='ltr'>Rege</span> <span class='ocrx_word' id='word_1_658' title='bbox 485 3775 560 3816; x_wconf 85' lang='lat' dir='ltr'>apud</span> <span class='ocrx_word' id='word_1_659' title='bbox 574 3774 883 3814; x_wconf 83' lang='lat' dir='ltr'>westmonasterium,</span> <span class='ocrx_word' id='word_1_660' title='bbox 902 3778 976 3809; x_wconf 84' lang='lat' dir='ltr'>xxvi.</span> <span class='ocrx_word' id='word_1_661' title='bbox 995 3778 1042 3809; x_wconf 87' lang='lat' dir='ltr'>die</span> <span class='ocrx_word' id='word_1_662' title='bbox 1057 3777 1208 3812; x_wconf 85' lang='lat' dir='ltr'>Februarii.</span> 
     </span>
    </p>
   </div>
   <div class='ocr_carea' id='block_1_13' title="bbox 656 3847 1174 3895">
    <p class='ocr_par' dir='ltr' id='par_1_27' title="bbox 656 3847 1174 3895">
     <span class='ocr_line' id='line_1_101' title="bbox 656 3847 1174 3895; baseline 0.004 -11"><span class='ocrx_word' id='word_1_663' title='bbox 656 3847 658 3850; x_wconf 44' lang='lat'>¹</span> <span class='ocrx_word' id='word_1_664' title='bbox 718 3854 773 3885; x_wconf 76' lang='lat' dir='ltr'>Per</span> <span class='ocrx_word' id='word_1_665' title='bbox 787 3855 881 3884; x_wconf 80' lang='lat' dir='ltr'>Breve</span> <span class='ocrx_word' id='word_1_666' title='bbox 896 3853 928 3885; x_wconf 78' lang='lat' dir='ltr'>de</span> <span class='ocrx_word' id='word_1_667' title='bbox 943 3855 1064 3886; x_wconf 75' lang='lat' dir='ltr'>PrIvato</span> <span class='ocrx_word' id='word_1_668' title='bbox 1076 3855 1174 3895; x_wconf 67' lang='lat' dir='ltr'>sigilla.</span> 
     </span>
    </p>
   </div>
   <div class='ocr_carea' id='block_1_14' title="bbox 1293 171 2336 228">
    <p class='ocr_par' dir='ltr' id='par_1_28' title="bbox 1293 171 2336 228">
     <span class='ocr_line' id='line_1_102' title="bbox 1293 171 2336 228; baseline 0.004 -18"><span class='ocrx_word' id='word_1_669' title='bbox 1293 171 1775 213; x_wconf 74' lang='lat' dir='ltr'>1&gt;UuL1cA.</span> <span class='ocrx_word' id='word_1_670' title='bbox 2265 187 2336 228; x_wconf 78' lang='lat'>135</span> 
     </span>
    </p>
   </div>
   <div class='ocr_carea' id='block_1_15' title="bbox 1282 284 2491 391">
    <p class='ocr_par' dir='ltr' id='par_1_29' title="bbox 1282 284 2491 391">
     <span class='ocr_line' id='line_1_103' title="bbox 2363 284 2491 317; baseline 0.016 -2"><span class='ocrx_word' id='word_1_671' title='bbox 2363 284 2438 315; x_wconf 81' lang='lat' dir='ltr'>Ann.</span> <span class='ocrx_word' id='word_1_672' title='bbox 2451 286 2491 317; x_wconf 88' lang='lat' dir='ltr'>D.</span> 
     </span>
     <span class='ocr_line' id='line_1_104' title="bbox 1282 326 2468 391; baseline 0.004 -18"><span class='ocrx_word' id='word_1_673' title='bbox 1282 344 1304 363; x_wconf 58' lang='grc' dir='ltr'>Ἄ·</span> <span class='ocrx_word' id='word_1_674' title='bbox 1331 343 1378 374; x_wconf 80' lang='lat' dir='ltr'>De</span> <span class='ocrx_word' id='word_1_675' title='bbox 1395 343 1517 388; x_wconf 66' lang='lat' dir='ltr'>Affinfiae</span> <span class='ocrx_word' id='word_1_676' title='bbox 1535 347 1641 390; x_wconf 66' lang='lat' dir='ltr'>Regis,</span> <span class='ocrx_word' id='word_1_677' title='bbox 1668 344 1764 390; x_wconf 76' lang='lat' dir='ltr'>qnod,</span> <span class='ocrx_word' id='word_1_678' title='bbox 1790 356 1858 378; x_wconf 83' lang='lat' dir='ltr'>ante</span> <span class='ocrx_word' id='word_1_679' title='bbox 1869 349 2005 391; x_wconf 73' lang='lat' dir='ltr'>primum</span> <span class='ocrx_word' id='word_1_680' title='bbox 2022 349 2113 378; x_wconf 80' lang='lat' dir='ltr'>Diem</span> <span class='ocrx_word' id='word_1_681' title='bbox 2122 344 2238 391; x_wconf 72' lang='lat' dir='ltr'>Junii,</span> <span class='ocrx_word' id='word_1_682' title='bbox 2264 345 2342 377; x_wconf 77' lang='lat' dir='ltr'>nulli</span> <span class='ocrx_word' id='word_1_683' title='bbox 2359 326 2468 389; x_wconf 36' lang='lat'>[338²</span> 
     </span>
    </p>
   </div>
   <div class='ocr_carea' id='block_1_16' title="bbox 1548 374 2467 440">
    <p class='ocr_par' dir='ltr' id='par_1_30' title="bbox 1548 374 2467 440">
     <span class='ocr_line' id='line_1_105' title="bbox 2383 374 2458 390; baseline 0.013 -1"><span class='ocrx_word' id='word_1_684' title='bbox 2383 374 2409 390; x_wconf 65' lang='lat' dir='ltr'>Is.</span> <span class='ocrx_word' id='word_1_685' title='bbox 2433 375 2458 390; x_wconf 79' lang='grc' dir='ltr'>Ζ.</span> 
     </span>
     <span class='ocr_line' id='line_1_106' title="bbox 1548 393 2467 440; baseline 0.005 -15"><span class='ocrx_word' id='word_1_686' title='bbox 1548 394 1584 425; x_wconf 73' lang='lat' dir='ltr'>de</span> <span class='ocrx_word' id='word_1_687' title='bbox 1601 405 1675 426; x_wconf 72' lang='lat' dir='ltr'>novo</span> <span class='ocrx_word' id='word_1_688' title='bbox 1697 393 1920 440; x_wconf 57' lang='lat' dir='ltr'>conscribantur</span> <span class='ocrx_word' id='word_1_689' title='bbox 1941 396 2071 428; x_wconf 69' lang='lat' dir='ltr'>Milites.</span> <span class='ocrx_word' id='word_1_690' title='bbox 2361 401 2380 417; x_wconf 67' lang='lat'>⁴⁸</span> <span class='ocrx_word' id='word_1_691' title='bbox 2402 403 2467 430; x_wconf 85' lang='lat' dir='ltr'>V11.</span> 
     </span>
    </p>
   </div>
   <div class='ocr_carea' id='block_1_17' title="bbox 1281 474 2493 1172">
    <p class='ocr_par' dir='ltr' id='par_1_31' title="bbox 1281 474 2456 557">
     <span class='ocr_line' id='line_1_107' title="bbox 1281 474 2456 535; baseline 0.003 -29"><span class='ocrx_word' id='word_1_692' title='bbox 1281 474 1367 535; x_wconf 85' lang='lat' dir='ltr'>LE</span> <span class='ocrx_word' id='word_1_693' title='bbox 1379 512 1382 513; x_wconf 21' lang='lat'><em>⁷</em></span> <span class='ocrx_word' id='word_1_694' title='bbox 1396 475 1452 507; x_wconf 81' lang='lat' dir='ltr'>Ro</span> <span class='ocrx_word' id='word_1_695' title='bbox 1462 486 1475 507; x_wconf 91' lang='lat'>1</span> <span class='ocrx_word' id='word_1_696' title='bbox 1500 488 1516 507; x_wconf 88' lang='lat' dir='ltr'>a</span> <span class='ocrx_word' id='word_1_697' title='bbox 1526 485 1600 508; x_wconf 83' lang='lat' dir='ltr'>touz</span> <span class='ocrx_word' id='word_1_698' title='bbox 1611 488 1701 516; x_wconf 84' lang='lat' dir='ltr'>ceux,</span> <span class='ocrx_word' id='word_1_699' title='bbox 1718 481 1766 517; x_wconf 85' lang='lat' dir='ltr'>qui</span> <span class='ocrx_word' id='word_1_700' title='bbox 1780 478 1868 510; x_wconf 86' lang='lat' dir='ltr'>cestes</span> <span class='ocrx_word' id='word_1_701' title='bbox 1884 479 1991 510; x_wconf 80' lang='lat' dir='ltr'>Lettres</span> <span class='ocrx_word' id='word_1_702' title='bbox 2005 489 2137 517; x_wconf 80' lang='lat' dir='ltr'>verrent,</span> <span class='ocrx_word' id='word_1_703' title='bbox 2155 479 2247 510; x_wconf 85' lang='lat' dir='ltr'>Saluz.</span> <span class='ocrx_word' id='word_1_704' title='bbox 2361 481 2413 505; x_wconf 41' lang='lat' dir='ltr'>An,</span> <span class='ocrx_word' id='word_1_705' title='bbox 2428 487 2456 513; x_wconf 89' lang='lat'>5-</span> 
     </span>
     <span class='ocr_line' id='line_1_108' title="bbox 1373 514 2436 557; baseline 0.002 -12"><span class='ocrx_word' id='word_1_706' title='bbox 1373 514 1489 553; x_wconf 85' lang='lat' dir='ltr'>Come,</span> <span class='ocrx_word' id='word_1_707' title='bbox 1508 526 1558 553; x_wconf 86' lang='lat' dir='ltr'>par</span> <span class='ocrx_word' id='word_1_708' title='bbox 1578 526 1658 547; x_wconf 85' lang='lat' dir='ltr'>entre</span> <span class='ocrx_word' id='word_1_709' title='bbox 1680 518 1717 547; x_wconf 84' lang='lat' dir='ltr'>les</span> <span class='ocrx_word' id='word_1_710' title='bbox 1739 518 1880 557; x_wconf 77' lang='lat' dir='ltr'>Messages</span> <span class='ocrx_word' id='word_1_711' title='bbox 1899 521 1932 550; x_wconf 87' lang='lat'>&amp;</span> <span class='ocrx_word' id='word_1_712' title='bbox 1954 519 2090 556; x_wconf 79' lang='lat' dir='ltr'>Deputez</span> <span class='ocrx_word' id='word_1_713' title='bbox 2103 519 2138 549; x_wconf 88' lang='lat' dir='ltr'>de</span> <span class='ocrx_word' id='word_1_714' title='bbox 2152 519 2240 549; x_wconf 90' lang='lat' dir='ltr'>Nous</span> <span class='ocrx_word' id='word_1_715' title='bbox 2254 517 2287 548; x_wconf 91' lang='lat'>&amp;</span> <span class='ocrx_word' id='word_1_716' title='bbox 2303 516 2339 547; x_wconf 90' lang='lat' dir='ltr'>de</span> <span class='ocrx_word' id='word_1_717' title='bbox 2356 520 2388 543; x_wconf 89' lang='lat' dir='ltr'>R·</span> <span class='ocrx_word' id='word_1_718' title='bbox 2410 527 2436 544; x_wconf 81' lang='lat'>2.</span> 
     </span>
    </p>

    <p class='ocr_par' dir='ltr' id='par_1_32' title="bbox 1281 553 2493 939">
     <span class='ocr_line' id='line_1_109' title="bbox 1281 553 2493 595; baseline 0.002 -12"><span class='ocrx_word' id='word_1_719' title='bbox 1281 553 1378 583; x_wconf 82' lang='lat' dir='ltr'>nostre</span> <span class='ocrx_word' id='word_1_720' title='bbox 1399 555 1574 593; x_wconf 75' lang='lat' dir='ltr'>Adversaire</span> <span class='ocrx_word' id='word_1_721' title='bbox 1590 556 1623 584; x_wconf 84' lang='lat' dir='ltr'>de</span> <span class='ocrx_word' id='word_1_722' title='bbox 1642 558 1744 585; x_wconf 65' lang='lat' dir='ltr'>Franco</span> <span class='ocrx_word' id='word_1_723' title='bbox 1759 579 1768 594; x_wconf 87' lang='lat'>,</span> <span class='ocrx_word' id='word_1_724' title='bbox 1793 557 1947 588; x_wconf 82' lang='lat' dir='ltr'>assernblez</span> <span class='ocrx_word' id='word_1_725' title='bbox 1966 568 2020 595; x_wconf 87' lang='lat' dir='ltr'>pur</span> <span class='ocrx_word' id='word_1_726' title='bbox 2039 558 2146 588; x_wconf 82' lang='lat' dir='ltr'>Tretee</span> <span class='ocrx_word' id='word_1_727' title='bbox 2161 557 2196 587; x_wconf 88' lang='lat' dir='ltr'>de</span> <span class='ocrx_word' id='word_1_728' title='bbox 2210 555 2296 594; x_wconf 89' lang='lat' dir='ltr'>Pees,</span> <span class='ocrx_word' id='word_1_729' title='bbox 2311 565 2340 586; x_wconf 87' lang='lat' dir='ltr'>es</span> <span class='ocrx_word' id='word_1_730' title='bbox 2354 558 2445 582; x_wconf 73' lang='lat' dir='ltr'>franc.</span> <span class='ocrx_word' id='word_1_731' title='bbox 2466 563 2493 590; x_wconf 87' lang='lat'>5-</span> 
     </span>
     <span class='ocr_line' id='line_1_110' title="bbox 1282 591 2469 634; baseline 0.004 -13"><span class='ocrx_word' id='word_1_732' title='bbox 1282 591 1387 623; x_wconf 81' lang='lat' dir='ltr'>Parties</span> <span class='ocrx_word' id='word_1_733' title='bbox 1400 592 1437 622; x_wconf 87' lang='lat' dir='ltr'>de</span> <span class='ocrx_word' id='word_1_734' title='bbox 1451 592 1593 631; x_wconf 83' lang='lat' dir='ltr'>Picardie,</span> <span class='ocrx_word' id='word_1_735' title='bbox 1608 604 1624 623; x_wconf 89' lang='lat' dir='ltr'>a</span> <span class='ocrx_word' id='word_1_736' title='bbox 1637 592 1662 623; x_wconf 79' lang='lat' dir='ltr'>la</span> <span class='ocrx_word' id='word_1_737' title='bbox 1675 594 1783 625; x_wconf 77' lang='lat' dir='ltr'>darrein</span> <span class='ocrx_word' id='word_1_738' title='bbox 1794 595 1937 634; x_wconf 79' lang='lat' dir='ltr'>Journee‚</span> <span class='ocrx_word' id='word_1_739' title='bbox 1953 604 2038 627; x_wconf 84' lang='lat' dir='ltr'>tenuz</span> <span class='ocrx_word' id='word_1_740' title='bbox 2053 606 2088 626; x_wconf 88' lang='lat' dir='ltr'>en</span> <span class='ocrx_word' id='word_1_741' title='bbox 2103 595 2191 634; x_wconf 88' lang='lat' dir='ltr'>Moys</span> <span class='ocrx_word' id='word_1_742' title='bbox 2205 595 2240 625; x_wconf 89' lang='lat' dir='ltr'>de</span> <span class='ocrx_word' id='word_1_743' title='bbox 2248 595 2272 626; x_wconf 87' lang='lat' dir='ltr'>F</span> <span class='ocrx_word' id='word_1_744' title='bbox 2274 605 2339 625; x_wconf 84' lang='lat' dir='ltr'>eue-</span> <span class='ocrx_word' id='word_1_745' title='bbox 2357 597 2386 620; x_wconf 84' lang='lat' dir='ltr'>R.</span> <span class='ocrx_word' id='word_1_746' title='bbox 2396 603 2421 621; x_wconf 88' lang='lat'>2-</span> <span class='ocrx_word' id='word_1_747' title='bbox 2432 603 2469 621; x_wconf 67' lang='grc'>71)-</span> 
     </span>
     <span class='ocr_line' id='line_1_111' title="bbox 1282 631 2388 673; baseline 0.005 -13"><span class='ocrx_word' id='word_1_748' title='bbox 1282 640 1343 669; x_wconf 78' lang='lat' dir='ltr'>rer,</span> <span class='ocrx_word' id='word_1_749' title='bbox 1359 631 1468 660; x_wconf 77' lang='lat' dir='ltr'>darrein</span> <span class='ocrx_word' id='word_1_750' title='bbox 1488 631 1582 670; x_wconf 73' lang='lat' dir='ltr'>pasiez</span> <span class='ocrx_word' id='word_1_751' title='bbox 1596 655 1605 669; x_wconf 90' lang='lat'>,</span> <span class='ocrx_word' id='word_1_752' title='bbox 1631 631 1684 662; x_wconf 78' lang='lat' dir='ltr'>soit</span> <span class='ocrx_word' id='word_1_753' title='bbox 1697 655 1707 671; x_wconf 78' lang='lat'>,</span> <span class='ocrx_word' id='word_1_754' title='bbox 1722 643 1773 670; x_wconf 89' lang='lat' dir='ltr'>par</span> <span class='ocrx_word' id='word_1_755' title='bbox 1789 635 1907 665; x_wconf 87' lang='lat' dir='ltr'>certeins</span> <span class='ocrx_word' id='word_1_756' title='bbox 1920 634 2040 673; x_wconf 77' lang='lat' dir='ltr'>Causes,</span> <span class='ocrx_word' id='word_1_757' title='bbox 2058 644 2137 666; x_wconf 80' lang='lat' dir='ltr'>entre</span> <span class='ocrx_word' id='word_1_758' title='bbox 2152 643 2241 664; x_wconf 80' lang='lat' dir='ltr'>autres</span> <span class='ocrx_word' id='word_1_759' title='bbox 2256 632 2340 664; x_wconf 80' lang='lat' dir='ltr'>Cho-</span> <span class='ocrx_word' id='word_1_760' title='bbox 2362 641 2388 665; x_wconf 85' lang='grc'>7-</span> 
     </span>
     <span class='ocr_line' id='line_1_112' title="bbox 1283 667 2344 708; baseline 0.003 -10"><span class='ocrx_word' id='word_1_761' title='bbox 1283 669 1339 707; x_wconf 83' lang='lat' dir='ltr'>ses,</span> <span class='ocrx_word' id='word_1_762' title='bbox 1358 667 1474 707; x_wconf 85' lang='lat' dir='ltr'>Parlez,</span> <span class='ocrx_word' id='word_1_763' title='bbox 1493 670 1537 700; x_wconf 89' lang='lat' dir='ltr'>sur</span> <span class='ocrx_word' id='word_1_764' title='bbox 1558 671 1584 700; x_wconf 90' lang='lat' dir='ltr'>le</span> <span class='ocrx_word' id='word_1_765' title='bbox 1604 669 1699 701; x_wconf 79' lang='lat' dir='ltr'>Pleisir</span> <span class='ocrx_word' id='word_1_766' title='bbox 1718 673 1754 701; x_wconf 87' lang='lat' dir='ltr'>de</span> <span class='ocrx_word' id='word_1_767' title='bbox 1779 672 1867 702; x_wconf 87' lang='lat' dir='ltr'>Nous</span> <span class='ocrx_word' id='word_1_768' title='bbox 1887 674 1920 704; x_wconf 89' lang='lat'>&amp;</span> <span class='ocrx_word' id='word_1_769' title='bbox 1940 674 1975 703; x_wconf 93' lang='lat' dir='ltr'>de</span> <span class='ocrx_word' id='word_1_770' title='bbox 1996 673 2094 704; x_wconf 87' lang='lat' dir='ltr'>nostre</span> <span class='ocrx_word' id='word_1_771' title='bbox 2106 673 2148 704; x_wconf 87' lang='lat' dir='ltr'>dit</span> <span class='ocrx_word' id='word_1_772' title='bbox 2161 672 2344 708; x_wconf 86' lang='lat' dir='ltr'>Adversaire,</span> 
     </span>
     <span class='ocr_line' id='line_1_113' title="bbox 1285 708 2347 750; baseline 0.002 -13"><span class='ocrx_word' id='word_1_773' title='bbox 1285 718 1340 744; x_wconf 85' lang='lat' dir='ltr'>que</span> <span class='ocrx_word' id='word_1_774' title='bbox 1355 708 1429 738; x_wconf 88' lang='lat' dir='ltr'>nulle</span> <span class='ocrx_word' id='word_1_775' title='bbox 1450 708 1564 739; x_wconf 85' lang='lat' dir='ltr'>notable</span> <span class='ocrx_word' id='word_1_776' title='bbox 1580 709 1703 747; x_wconf 69' lang='lat' dir='ltr'>Amice,</span> <span class='ocrx_word' id='word_1_777' title='bbox 1719 721 1767 748; x_wconf 83' lang='lat' dir='ltr'>par</span> <span class='ocrx_word' id='word_1_778' title='bbox 1780 710 1882 749; x_wconf 80' lang='lat' dir='ltr'>Meer,</span> <span class='ocrx_word' id='word_1_779' title='bbox 1902 722 1937 741; x_wconf 90' lang='lat' dir='ltr'>ne</span> <span class='ocrx_word' id='word_1_780' title='bbox 1952 719 2001 749; x_wconf 84' lang='lat' dir='ltr'>par</span> <span class='ocrx_word' id='word_1_781' title='bbox 2014 713 2124 750; x_wconf 78' lang='lat' dir='ltr'>Terre,</span> <span class='ocrx_word' id='word_1_782' title='bbox 2142 722 2194 750; x_wconf 84' lang='lat' dir='ltr'>pur</span> <span class='ocrx_word' id='word_1_783' title='bbox 2211 711 2299 750; x_wconf 74' lang='lat' dir='ltr'>passer</span> <span class='ocrx_word' id='word_1_784' title='bbox 2315 720 2347 740; x_wconf 70' lang='lat' dir='ltr'>es</span> 
     </span>
     <span class='ocr_line' id='line_1_114' title="bbox 1285 746 2343 785; baseline 0.006 -11"><span class='ocrx_word' id='word_1_785' title='bbox 1285 746 1431 776; x_wconf 76' lang='lat' dir='ltr'>Roialmes</span> <span class='ocrx_word' id='word_1_786' title='bbox 1454 748 1537 776; x_wconf 87' lang='lat' dir='ltr'>d’une</span> <span class='ocrx_word' id='word_1_787' title='bbox 1557 746 1665 778; x_wconf 87' lang='lat' dir='ltr'>Costee</span> <span class='ocrx_word' id='word_1_788' title='bbox 1685 758 1723 778; x_wconf 89' lang='lat' dir='ltr'>ou</span> <span class='ocrx_word' id='word_1_789' title='bbox 1743 750 1848 779; x_wconf 86' lang='lat' dir='ltr'>d&#39;autre</span> <span class='ocrx_word' id='word_1_790' title='bbox 1862 771 1870 785; x_wconf 73' lang='grc'><em>,</em></span> <span class='ocrx_word' id='word_1_791' title='bbox 1890 751 2013 780; x_wconf 70' lang='lat' dir='ltr'>novelles</span> <span class='ocrx_word' id='word_1_792' title='bbox 2028 750 2135 781; x_wconf 84' lang='lat' dir='ltr'>Creues</span> <span class='ocrx_word' id='word_1_793' title='bbox 2150 753 2183 782; x_wconf 90' lang='lat'>&amp;</span> <span class='ocrx_word' id='word_1_794' title='bbox 2198 750 2343 781; x_wconf 77' lang='lat' dir='ltr'>Retenues</span> 
     </span>
     <span class='ocr_line' id='line_1_115' title="bbox 1286 784 2344 827; baseline 0.004 -14"><span class='ocrx_word' id='word_1_795' title='bbox 1286 784 1335 813; x_wconf 86' lang='lat' dir='ltr'>des</span> <span class='ocrx_word' id='word_1_796' title='bbox 1347 784 1447 814; x_wconf 83' lang='lat' dir='ltr'>Gentz</span> <span class='ocrx_word' id='word_1_797' title='bbox 1460 785 1606 823; x_wconf 83' lang='lat' dir='ltr'>d’Armes,</span> <span class='ocrx_word' id='word_1_798' title='bbox 1624 797 1660 816; x_wconf 86' lang='lat' dir='ltr'>en</span> <span class='ocrx_word' id='word_1_799' title='bbox 1673 786 1734 826; x_wconf 92' lang='lat' dir='ltr'>plus</span> <span class='ocrx_word' id='word_1_800' title='bbox 1747 796 1827 825; x_wconf 80' lang='lat' dir='ltr'>grant</span> <span class='ocrx_word' id='word_1_801' title='bbox 1841 788 1981 819; x_wconf 85' lang='lat' dir='ltr'>Nombre</span> <span class='ocrx_word' id='word_1_802' title='bbox 1999 790 2044 826; x_wconf 83' lang='lat' dir='ltr'>qui</span> <span class='ocrx_word' id='word_1_803' title='bbox 2059 790 2123 820; x_wconf 85' lang='lat' dir='ltr'>sont</span> <span class='ocrx_word' id='word_1_804' title='bbox 2135 801 2149 820; x_wconf 87' lang='lat' dir='ltr'>a</span> <span class='ocrx_word' id='word_1_805' title='bbox 2163 790 2289 827; x_wconf 86' lang='lat' dir='ltr'>present,</span> <span class='ocrx_word' id='word_1_806' title='bbox 2304 798 2344 818; x_wconf 83' lang='lat' dir='ltr'>ou</span> 
     </span>
     <span class='ocr_line' id='line_1_116' title="bbox 1285 820 2347 866; baseline 0.005 -15"><span class='ocrx_word' id='word_1_807' title='bbox 1285 822 1348 852; x_wconf 88' lang='lat' dir='ltr'>sont</span> <span class='ocrx_word' id='word_1_808' title='bbox 1366 820 1531 853; x_wconf 65' lang='lat' dir='ltr'>acustumffl.</span> <span class='ocrx_word' id='word_1_809' title='bbox 1544 835 1559 854; x_wconf 85' lang='lat' dir='ltr'>a</span> <span class='ocrx_word' id='word_1_810' title='bbox 1570 824 1642 854; x_wconf 84' lang='lat' dir='ltr'>estre</span> <span class='ocrx_word' id='word_1_811' title='bbox 1654 835 1683 855; x_wconf 88' lang='lat' dir='ltr'>es</span> <span class='ocrx_word' id='word_1_812' title='bbox 1698 826 1853 864; x_wconf 87' lang='lat' dir='ltr'>Frontiers,</span> <span class='ocrx_word' id='word_1_813' title='bbox 1871 837 1907 857; x_wconf 88' lang='lat' dir='ltr'>ne</span> <span class='ocrx_word' id='word_1_814' title='bbox 1920 827 2048 866; x_wconf 85' lang='lat' dir='ltr'>aillours,</span> <span class='ocrx_word' id='word_1_815' title='bbox 2066 828 2102 858; x_wconf 89' lang='lat' dir='ltr'>de</span> <span class='ocrx_word' id='word_1_816' title='bbox 2116 828 2189 858; x_wconf 77' lang='lat' dir='ltr'>l&#39;une</span> <span class='ocrx_word' id='word_1_817' title='bbox 2203 828 2293 858; x_wconf 75' lang='lat' dir='ltr'>Partie</span> <span class='ocrx_word' id='word_1_818' title='bbox 2305 836 2347 857; x_wconf 86' lang='lat' dir='ltr'>ou</span> 
     </span>
     <span class='ocr_line' id='line_1_117' title="bbox 1286 860 2347 930; baseline 0.005 -40"><span class='ocrx_word' id='word_1_819' title='bbox 1286 860 1323 930; x_wconf 61' lang='lat' dir='ltr'>d¹e</span> <span class='ocrx_word' id='word_1_820' title='bbox 1336 861 1447 905; x_wconf 59' lang='lat' dir='ltr'>lfautre,</span> <span class='ocrx_word' id='word_1_821' title='bbox 1456 872 1492 893; x_wconf 90' lang='lat' dir='ltr'>ne</span> <span class='ocrx_word' id='word_1_822' title='bbox 1506 863 1613 894; x_wconf 82' lang='lat' dir='ltr'>serront</span> <span class='ocrx_word' id='word_1_823' title='bbox 1627 863 1703 894; x_wconf 84' lang='lat' dir='ltr'>faites</span> <span class='ocrx_word' id='word_1_824' title='bbox 1718 874 1766 902; x_wconf 83' lang='lat' dir='ltr'>par</span> <span class='ocrx_word' id='word_1_825' title='bbox 1780 865 1883 896; x_wconf 88' lang='lat' dir='ltr'>devant</span> <span class='ocrx_word' id='word_1_826' title='bbox 1893 866 1921 895; x_wconf 89' lang='lat' dir='ltr'>le</span> <span class='ocrx_word' id='word_1_827' title='bbox 1935 866 2039 903; x_wconf 85' lang='lat' dir='ltr'>primer</span> <span class='ocrx_word' id='word_1_828' title='bbox 2048 867 2115 904; x_wconf 84' lang='lat' dir='ltr'>jour</span> <span class='ocrx_word' id='word_1_829' title='bbox 2128 867 2164 897; x_wconf 92' lang='lat' dir='ltr'>de</span> <span class='ocrx_word' id='word_1_830' title='bbox 2174 866 2252 906; x_wconf 91' lang='lat' dir='ltr'>Juyn</span> <span class='ocrx_word' id='word_1_831' title='bbox 2265 875 2347 903; x_wconf 84' lang='lat' dir='ltr'>pros-</span> 
     </span>
     <span class='ocr_line' id='line_1_118' title="bbox 1286 909 1503 939; baseline 0.009 -10"><span class='ocrx_word' id='word_1_832' title='bbox 1286 909 1303 930; x_wconf 96' lang='lat' dir='ltr'>c</span> <span class='ocrx_word' id='word_1_833' title='bbox 1313 909 1371 930; x_wconf 75' lang='lat' dir='ltr'>iem</span> <span class='ocrx_word' id='word_1_834' title='bbox 1382 910 1503 939; x_wconf 77' lang='lat' dir='ltr'>venant,</span> 
     </span>
    </p>

    <p class='ocr_par' dir='ltr' id='par_1_33' title="bbox 1288 937 2350 1172">
     <span class='ocr_line' id='line_1_119' title="bbox 1325 937 2347 981; baseline 0.006 -13"><span class='ocrx_word' id='word_1_835' title='bbox 1325 937 1362 969; x_wconf 88' lang='lat' dir='ltr'>Et</span> <span class='ocrx_word' id='word_1_836' title='bbox 1374 939 1417 968; x_wconf 90' lang='lat' dir='ltr'>sur</span> <span class='ocrx_word' id='word_1_837' title='bbox 1430 950 1480 976; x_wconf 90' lang='lat' dir='ltr'>ce,</span> <span class='ocrx_word' id='word_1_838' title='bbox 1498 950 1545 977; x_wconf 86' lang='lat' dir='ltr'>par</span> <span class='ocrx_word' id='word_1_839' title='bbox 1559 948 1619 970; x_wconf 83' lang='lat' dir='ltr'>noz</span> <span class='ocrx_word' id='word_1_840' title='bbox 1630 940 1690 971; x_wconf 84' lang='lat' dir='ltr'>ditz</span> <span class='ocrx_word' id='word_1_841' title='bbox 1705 940 1864 980; x_wconf 77' lang='lat' dir='ltr'>Meffiges,</span> <span class='ocrx_word' id='word_1_842' title='bbox 1882 941 1966 973; x_wconf 89' lang='lat' dir='ltr'>estoit</span> <span class='ocrx_word' id='word_1_843' title='bbox 1983 941 2154 973; x_wconf 83' lang='lat' dir='ltr'>Demandez</span> <span class='ocrx_word' id='word_1_844' title='bbox 2169 953 2242 981; x_wconf 86' lang='lat' dir='ltr'>que,</span> <span class='ocrx_word' id='word_1_845' title='bbox 2258 953 2295 973; x_wconf 91' lang='lat' dir='ltr'>en</span> <span class='ocrx_word' id='word_1_846' title='bbox 2310 952 2347 974; x_wconf 88' lang='lat' dir='ltr'>ce</span> 
     </span>
     <span class='ocr_line' id='line_1_120' title="bbox 1288 975 2348 1019; baseline 0.004 -12"><span class='ocrx_word' id='word_1_847' title='bbox 1288 975 1346 1008; x_wconf 80' lang='lat' dir='ltr'>Cas</span> <span class='ocrx_word' id='word_1_848' title='bbox 1360 1002 1369 1015; x_wconf 88' lang='lat'>,</span> <span class='ocrx_word' id='word_1_849' title='bbox 1393 978 1418 1008; x_wconf 90' lang='lat' dir='ltr'>le</span> <span class='ocrx_word' id='word_1_850' title='bbox 1441 978 1598 1010; x_wconf 83' lang='lat' dir='ltr'>Mareschal</span> <span class='ocrx_word' id='word_1_851' title='bbox 1617 979 1654 1009; x_wconf 92' lang='lat' dir='ltr'>de</span> <span class='ocrx_word' id='word_1_852' title='bbox 1674 980 1796 1018; x_wconf 82' lang='lat' dir='ltr'>France,</span> <span class='ocrx_word' id='word_1_853' title='bbox 1815 981 1848 1011; x_wconf 73' lang='grc' dir='ltr'>ὃς</span> <span class='ocrx_word' id='word_1_854' title='bbox 1863 981 1887 1011; x_wconf 85' lang='lat' dir='ltr'>la</span> <span class='ocrx_word' id='word_1_855' title='bbox 1903 980 2003 1019; x_wconf 83' lang='lat' dir='ltr'>Poair,</span> <span class='ocrx_word' id='word_1_856' title='bbox 2019 982 2211 1011; x_wconf 86' lang='lat' dir='ltr'>novellement</span> <span class='ocrx_word' id='word_1_857' title='bbox 2225 983 2348 1012; x_wconf 85' lang='lat' dir='ltr'>envoiez</span> 
     </span>
     <span class='ocr_line' id='line_1_121' title="bbox 1288 1016 2348 1058; baseline 0.004 -12"><span class='ocrx_word' id='word_1_858' title='bbox 1288 1016 1412 1054; x_wconf 85' lang='lat' dir='ltr'>ovesque</span> <span class='ocrx_word' id='word_1_859' title='bbox 1427 1017 1491 1056; x_wconf 88' lang='lat' dir='ltr'>Luy</span> <span class='ocrx_word' id='word_1_860' title='bbox 1508 1028 1535 1048; x_wconf 84' lang='lat' dir='ltr'>as</span> <span class='ocrx_word' id='word_1_861' title='bbox 1549 1017 1654 1048; x_wconf 77' lang='lat' dir='ltr'>Parties</span> <span class='ocrx_word' id='word_1_862' title='bbox 1666 1018 1882 1058; x_wconf 82' lang='lat' dir='ltr'>d&#39;Aquitaigne‚</span> <span class='ocrx_word' id='word_1_863' title='bbox 1899 1020 1987 1051; x_wconf 87' lang='lat' dir='ltr'>soient</span> <span class='ocrx_word' id='word_1_864' title='bbox 2008 1019 2163 1057; x_wconf 74' lang='lat' dir='ltr'>Repellez,</span> <span class='ocrx_word' id='word_1_865' title='bbox 2180 1020 2213 1050; x_wconf 88' lang='lat'>&amp;</span> <span class='ocrx_word' id='word_1_866' title='bbox 2229 1030 2284 1058; x_wconf 90' lang='lat' dir='ltr'>que</span> <span class='ocrx_word' id='word_1_867' title='bbox 2297 1021 2348 1051; x_wconf 78' lang='lat' dir='ltr'>nul</span> 
     </span>
     <span class='ocr_line' id='line_1_122' title="bbox 1288 1056 2348 1098; baseline 0.003 -13"><span class='ocrx_word' id='word_1_868' title='bbox 1288 1063 1365 1085; x_wconf 83' lang='lat' dir='ltr'>autre</span> <span class='ocrx_word' id='word_1_869' title='bbox 1380 1057 1494 1086; x_wconf 87' lang='lat' dir='ltr'>novelle</span> <span class='ocrx_word' id='word_1_870' title='bbox 1508 1057 1615 1086; x_wconf 87' lang='lat' dir='ltr'>Armee</span> <span class='ocrx_word' id='word_1_871' title='bbox 1631 1067 1667 1087; x_wconf 92' lang='lat' dir='ltr'>ne</span> <span class='ocrx_word' id='word_1_872' title='bbox 1684 1056 1768 1087; x_wconf 84' lang='lat' dir='ltr'>Poair</span> <span class='ocrx_word' id='word_1_873' title='bbox 1780 1068 1816 1087; x_wconf 91' lang='lat' dir='ltr'>ne</span> <span class='ocrx_word' id='word_1_874' title='bbox 1831 1057 1926 1088; x_wconf 88' lang='lat' dir='ltr'>serroit</span> <span class='ocrx_word' id='word_1_875' title='bbox 1939 1068 2001 1098; x_wconf 85' lang='lat' dir='ltr'>mys</span> <span class='ocrx_word' id='word_1_876' title='bbox 2011 1068 2059 1095; x_wconf 81' lang='lat' dir='ltr'>par</span> <span class='ocrx_word' id='word_1_877' title='bbox 2071 1057 2167 1088; x_wconf 90' lang='lat' dir='ltr'>nostre</span> <span class='ocrx_word' id='word_1_878' title='bbox 2180 1059 2222 1088; x_wconf 89' lang='lat' dir='ltr'>dit</span> <span class='ocrx_word' id='word_1_879' title='bbox 2238 1059 2348 1089; x_wconf 84' lang='lat' dir='ltr'>Adver—</span> 
     </span>
     <span class='ocr_line' id='line_1_123' title="bbox 1288 1093 2350 1136; baseline 0.005 -13"><span class='ocrx_word' id='word_1_880' title='bbox 1288 1094 1355 1124; x_wconf 84' lang='lat' dir='ltr'>saire</span> <span class='ocrx_word' id='word_1_881' title='bbox 1370 1093 1414 1124; x_wconf 91' lang='lat' dir='ltr'>sur</span> <span class='ocrx_word' id='word_1_882' title='bbox 1425 1094 1464 1124; x_wconf 89' lang='lat' dir='ltr'>ses</span> <span class='ocrx_word' id='word_1_883' title='bbox 1480 1095 1636 1133; x_wconf 80' lang='lat' dir='ltr'>Frontiers,</span> <span class='ocrx_word' id='word_1_884' title='bbox 1655 1106 1691 1125; x_wconf 92' lang='lat' dir='ltr'>ne</span> <span class='ocrx_word' id='word_1_885' title='bbox 1705 1096 1779 1126; x_wconf 88' lang='lat' dir='ltr'>nulle</span> <span class='ocrx_word' id='word_1_886' title='bbox 1792 1105 1868 1128; x_wconf 87' lang='lat' dir='ltr'>autre</span> <span class='ocrx_word' id='word_1_887' title='bbox 1883 1095 1996 1128; x_wconf 86' lang='lat' dir='ltr'>Guerre</span> <span class='ocrx_word' id='word_1_888' title='bbox 2005 1098 2071 1128; x_wconf 81' lang='lat' dir='ltr'>faite</span> <span class='ocrx_word' id='word_1_889' title='bbox 2081 1097 2154 1127; x_wconf 86' lang='lat' dir='ltr'>desa</span> <span class='ocrx_word' id='word_1_890' title='bbox 2168 1095 2235 1128; x_wconf 88' lang='lat' dir='ltr'>Part</span> <span class='ocrx_word' id='word_1_891' title='bbox 2248 1120 2259 1136; x_wconf 82' lang='lat'>,</span> <span class='ocrx_word' id='word_1_892' title='bbox 2277 1098 2350 1128; x_wconf 90' lang='lat' dir='ltr'>fors-</span> 
     </span>
     <span class='ocr_line' id='line_1_124' title="bbox 1290 1133 1820 1172; baseline 0.006 -10"><span class='ocrx_word' id='word_1_893' title='bbox 1290 1142 1345 1170; x_wconf 88' lang='lat' dir='ltr'>que</span> <span class='ocrx_word' id='word_1_894' title='bbox 1359 1142 1407 1170; x_wconf 86' lang='lat' dir='ltr'>par</span> <span class='ocrx_word' id='word_1_895' title='bbox 1420 1133 1458 1162; x_wconf 85' lang='lat' dir='ltr'>les</span> <span class='ocrx_word' id='word_1_896' title='bbox 1473 1133 1626 1164; x_wconf 81' lang='lat' dir='ltr'>Garnisons</span> <span class='ocrx_word' id='word_1_897' title='bbox 1639 1133 1820 1172; x_wconf 86' lang='lat' dir='ltr'>acustumez,</span> 
     </span>
    </p>
   </div>
   <div class='ocr_carea' id='block_1_18' title="bbox 1289 1171 2356 1906">
    <p class='ocr_par' dir='ltr' id='par_1_34' title="bbox 1289 1171 2350 1247">
     <span class='ocr_line' id='line_1_125' title="bbox 1327 1171 2350 1213; baseline 0.004 -12"><span class='ocrx_word' id='word_1_898' title='bbox 1327 1171 1357 1201; x_wconf 91' lang='lat' dir='ltr'>Si</span> <span class='ocrx_word' id='word_1_899' title='bbox 1369 1182 1456 1202; x_wconf 83' lang='lat' dir='ltr'>come</span> <span class='ocrx_word' id='word_1_900' title='bbox 1471 1183 1520 1210; x_wconf 81' lang='lat' dir='ltr'>par</span> <span class='ocrx_word' id='word_1_901' title='bbox 1534 1181 1593 1203; x_wconf 87' lang='lat' dir='ltr'>noz</span> <span class='ocrx_word' id='word_1_902' title='bbox 1605 1172 1665 1203; x_wconf 85' lang='lat' dir='ltr'>ditz</span> <span class='ocrx_word' id='word_1_903' title='bbox 1680 1171 1822 1213; x_wconf 71' lang='lat' dir='ltr'>Meffiges</span> <span class='ocrx_word' id='word_1_904' title='bbox 1842 1172 1931 1204; x_wconf 84' lang='lat' dir='ltr'>Nous</span> <span class='ocrx_word' id='word_1_905' title='bbox 1944 1173 1978 1204; x_wconf 87' lang='lat' dir='ltr'>ad</span> <span class='ocrx_word' id='word_1_906' title='bbox 1992 1173 2051 1204; x_wconf 85' lang='lat' dir='ltr'>este</span> <span class='ocrx_word' id='word_1_907' title='bbox 2064 1173 2236 1212; x_wconf 87' lang='lat' dir='ltr'>pleinement</span> <span class='ocrx_word' id='word_1_908' title='bbox 2251 1183 2350 1212; x_wconf 86' lang='lat' dir='ltr'>repor-</span> 
     </span>
     <span class='ocr_line' id='line_1_126' title="bbox 1289 1217 1791 1247; baseline 0.004 -7"><span class='ocrx_word' id='word_1_909' title='bbox 1289 1217 1353 1247; x_wconf 78' lang='lat' dir='ltr'>tez,</span> <span class='ocrx_word' id='word_1_910' title='bbox 1790 1239 1791 1242; x_wconf 75' lang='grc'>,</span> 
     </span>
    </p>

    <p class='ocr_par' dir='ltr' id='par_1_35' title="bbox 1290 1248 2356 1828">
     <span class='ocr_line' id='line_1_127' title="bbox 1327 1248 2350 1290; baseline 0.004 -12"><span class='ocrx_word' id='word_1_911' title='bbox 1327 1248 1436 1279; x_wconf 84' lang='lat' dir='ltr'>Sachez</span> <span class='ocrx_word' id='word_1_912' title='bbox 1455 1249 1545 1280; x_wconf 88' lang='lat' dir='ltr'>Nous</span> <span class='ocrx_word' id='word_1_913' title='bbox 1563 1249 1636 1280; x_wconf 88' lang='lat' dir='ltr'>estre</span> <span class='ocrx_word' id='word_1_914' title='bbox 1656 1250 1796 1281; x_wconf 79' lang='lat' dir='ltr'>accordez</span> <span class='ocrx_word' id='word_1_915' title='bbox 1812 1260 1828 1281; x_wconf 87' lang='lat' dir='ltr'>a</span> <span class='ocrx_word' id='word_1_916' title='bbox 1850 1260 1885 1281; x_wconf 92' lang='lat' dir='ltr'>ce</span> <span class='ocrx_word' id='word_1_917' title='bbox 1905 1251 1953 1289; x_wconf 89' lang='lat' dir='ltr'>qui</span> <span class='ocrx_word' id='word_1_918' title='bbox 1972 1250 2062 1281; x_wconf 82' lang='lat' dir='ltr'>defuis</span> <span class='ocrx_word' id='word_1_919' title='bbox 2077 1251 2118 1282; x_wconf 87' lang='lat' dir='ltr'>est</span> <span class='ocrx_word' id='word_1_920' title='bbox 2140 1250 2258 1290; x_wconf 86' lang='lat' dir='ltr'>escript,</span> <span class='ocrx_word' id='word_1_921' title='bbox 2275 1250 2350 1283; x_wconf 87' lang='lat' dir='ltr'>&amp;le</span> 
     </span>
     <span class='ocr_line' id='line_1_128' title="bbox 1290 1286 2347 1328; baseline 0.005 -12"><span class='ocrx_word' id='word_1_922' title='bbox 1290 1286 1456 1318; x_wconf 82' lang='lat' dir='ltr'>Garderons</span> <span class='ocrx_word' id='word_1_923' title='bbox 1475 1289 1509 1319; x_wconf 86' lang='lat'>&amp;</span> <span class='ocrx_word' id='word_1_924' title='bbox 1527 1288 1649 1319; x_wconf 88' lang='lat' dir='ltr'>Ferrons</span> <span class='ocrx_word' id='word_1_925' title='bbox 1668 1289 1814 1321; x_wconf 85' lang='lat' dir='ltr'>loialment</span> <span class='ocrx_word' id='word_1_926' title='bbox 1830 1289 1960 1327; x_wconf 89' lang='lat' dir='ltr'>Garder,</span> <span class='ocrx_word' id='word_1_927' title='bbox 1978 1300 2029 1327; x_wconf 89' lang='lat' dir='ltr'>pur</span> <span class='ocrx_word' id='word_1_928' title='bbox 2044 1291 2140 1320; x_wconf 87' lang='lat' dir='ltr'>nostre</span> <span class='ocrx_word' id='word_1_929' title='bbox 2154 1290 2281 1328; x_wconf 85' lang='lat' dir='ltr'>Costee,</span> <span class='ocrx_word' id='word_1_930' title='bbox 2298 1300 2347 1328; x_wconf 86' lang='lat' dir='ltr'>par</span> 
     </span>
     <span class='ocr_line' id='line_1_129' title="bbox 1290 1326 2350 1367; baseline 0.004 -12"><span class='ocrx_word' id='word_1_931' title='bbox 1290 1326 1493 1365; x_wconf 82' lang='lat' dir='ltr'>nozSubgitz,</span> <span class='ocrx_word' id='word_1_932' title='bbox 1513 1327 1557 1357; x_wconf 89' lang='lat' dir='ltr'>sur</span> <span class='ocrx_word' id='word_1_933' title='bbox 1569 1328 1594 1358; x_wconf 92' lang='lat' dir='ltr'>la</span> <span class='ocrx_word' id='word_1_934' title='bbox 1607 1328 1719 1358; x_wconf 85' lang='lat' dir='ltr'>fourme</span> <span class='ocrx_word' id='word_1_935' title='bbox 1737 1328 1950 1367; x_wconf 79' lang='lat' dir='ltr'>avantdite,par</span> <span class='ocrx_word' id='word_1_936' title='bbox 1963 1328 2020 1358; x_wconf 83' lang='lat' dir='ltr'>ensi</span> <span class='ocrx_word' id='word_1_937' title='bbox 2037 1338 2093 1366; x_wconf 83' lang='lat' dir='ltr'>que</span> <span class='ocrx_word' id='word_1_938' title='bbox 2105 1329 2131 1359; x_wconf 90' lang='lat' dir='ltr'>le</span> <span class='ocrx_word' id='word_1_939' title='bbox 2142 1329 2182 1359; x_wconf 91' lang='lat' dir='ltr'>dit</span> <span class='ocrx_word' id='word_1_940' title='bbox 2191 1329 2350 1360; x_wconf 87' lang='lat' dir='ltr'>Mareschal</span> 
     </span>
     <span class='ocr_line' id='line_1_130' title="bbox 1290 1363 2350 1406; baseline 0.005 -13"><span class='ocrx_word' id='word_1_941' title='bbox 1290 1364 1325 1393; x_wconf 92' lang='lat' dir='ltr'>de</span> <span class='ocrx_word' id='word_1_942' title='bbox 1347 1363 1370 1394; x_wconf 87' lang='lat' dir='ltr'>F</span> <span class='ocrx_word' id='word_1_943' title='bbox 1372 1375 1472 1402; x_wconf 84' lang='lat' dir='ltr'>rance,</span> <span class='ocrx_word' id='word_1_944' title='bbox 1489 1366 1611 1404; x_wconf 82' lang='lat' dir='ltr'>ovesque</span> <span class='ocrx_word' id='word_1_945' title='bbox 1625 1366 1650 1396; x_wconf 88' lang='lat' dir='ltr'>le</span> <span class='ocrx_word' id='word_1_946' title='bbox 1662 1366 1703 1397; x_wconf 88' lang='lat' dir='ltr'>dit</span> <span class='ocrx_word' id='word_1_947' title='bbox 1718 1366 1819 1405; x_wconf 79' lang='lat' dir='ltr'>Poair,</span> <span class='ocrx_word' id='word_1_948' title='bbox 1837 1368 1959 1398; x_wconf 83' lang='lat' dir='ltr'>envoiez</span> <span class='ocrx_word' id='word_1_949' title='bbox 1974 1377 2002 1397; x_wconf 86' lang='lat' dir='ltr'>as</span> <span class='ocrx_word' id='word_1_950' title='bbox 2017 1367 2119 1398; x_wconf 82' lang='lat' dir='ltr'>Parties</span> <span class='ocrx_word' id='word_1_951' title='bbox 2130 1367 2350 1406; x_wconf 81' lang='lat' dir='ltr'>d’Aquitaigne‚</span> 
     </span>
     <span class='ocr_line' id='line_1_131' title="bbox 1291 1403 2352 1443; baseline 0.004 -11"><span class='ocrx_word' id='word_1_952' title='bbox 1291 1403 1324 1432; x_wconf 90' lang='lat'>&amp;</span> <span class='ocrx_word' id='word_1_953' title='bbox 1345 1410 1428 1434; x_wconf 88' lang='lat' dir='ltr'>toutz</span> <span class='ocrx_word' id='word_1_954' title='bbox 1441 1411 1531 1434; x_wconf 88' lang='lat' dir='ltr'>autres</span> <span class='ocrx_word' id='word_1_955' title='bbox 1552 1404 1646 1435; x_wconf 88' lang='lat' dir='ltr'>Poairs</span> <span class='ocrx_word' id='word_1_956' title='bbox 1659 1428 1670 1443; x_wconf 83' lang='lat'>,</span> <span class='ocrx_word' id='word_1_957' title='bbox 1695 1405 1714 1435; x_wconf 84' lang='lat' dir='ltr'>si</span> <span class='ocrx_word' id='word_1_958' title='bbox 1735 1406 1823 1436; x_wconf 86' lang='lat' dir='ltr'>nulles</span> <span class='ocrx_word' id='word_1_959' title='bbox 1842 1406 1932 1436; x_wconf 86' lang='lat' dir='ltr'>soient</span> <span class='ocrx_word' id='word_1_960' title='bbox 1953 1405 1990 1436; x_wconf 88' lang='lat' dir='ltr'>de</span> <span class='ocrx_word' id='word_1_961' title='bbox 2004 1407 2116 1436; x_wconf 86' lang='lat' dir='ltr'>novelle</span> <span class='ocrx_word' id='word_1_962' title='bbox 2129 1407 2252 1436; x_wconf 86' lang='lat' dir='ltr'>envoiez</span> <span class='ocrx_word' id='word_1_963' title='bbox 2266 1408 2352 1443; x_wconf 74' lang='lat' dir='ltr'>depat-</span> 
     </span>
     <span class='ocr_line' id='line_1_132' title="bbox 1292 1441 2351 1481; baseline 0.005 -11"><span class='ocrx_word' id='word_1_964' title='bbox 1292 1441 1388 1470; x_wconf 89' lang='lat' dir='ltr'>nostre</span> <span class='ocrx_word' id='word_1_965' title='bbox 1399 1441 1440 1471; x_wconf 86' lang='lat' dir='ltr'>dit</span> <span class='ocrx_word' id='word_1_966' title='bbox 1455 1442 1619 1473; x_wconf 80' lang='lat' dir='ltr'>Adversaire</span> <span class='ocrx_word' id='word_1_967' title='bbox 1628 1466 1637 1481; x_wconf 92' lang='lat'>,</span> <span class='ocrx_word' id='word_1_968' title='bbox 1652 1444 1696 1474; x_wconf 89' lang='lat' dir='ltr'>sur</span> <span class='ocrx_word' id='word_1_969' title='bbox 1711 1444 1748 1473; x_wconf 85' lang='lat' dir='ltr'>les</span> <span class='ocrx_word' id='word_1_970' title='bbox 1761 1444 1785 1474; x_wconf 92' lang='lat' dir='ltr'><strong>F</strong></span> <span class='ocrx_word' id='word_1_971' title='bbox 1787 1445 1921 1481; x_wconf 82' lang='lat' dir='ltr'>rontierS,</span> <span class='ocrx_word' id='word_1_972' title='bbox 1939 1454 1978 1474; x_wconf 91' lang='lat' dir='ltr'>ou</span> <span class='ocrx_word' id='word_1_973' title='bbox 1994 1444 2105 1474; x_wconf 86' lang='lat' dir='ltr'>aillours</span> <span class='ocrx_word' id='word_1_974' title='bbox 2118 1445 2161 1474; x_wconf 89' lang='lat' dir='ltr'>sur</span> <span class='ocrx_word' id='word_1_975' title='bbox 2172 1453 2232 1474; x_wconf 91' lang='lat' dir='ltr'>noz</span> <span class='ocrx_word' id='word_1_976' title='bbox 2245 1446 2351 1475; x_wconf 80' lang='lat' dir='ltr'>Terres</span> 
     </span>
     <span class='ocr_line' id='line_1_133' title="bbox 1291 1479 2352 1521; baseline 0.004 -11"><span class='ocrx_word' id='word_1_977' title='bbox 1291 1480 1325 1510; x_wconf 90' lang='lat'>&amp;</span> <span class='ocrx_word' id='word_1_978' title='bbox 1348 1479 1507 1517; x_wconf 84' lang='lat' dir='ltr'>Seigniures</span> <span class='ocrx_word' id='word_1_979' title='bbox 1521 1503 1530 1518; x_wconf 86' lang='lat'>,</span> <span class='ocrx_word' id='word_1_980' title='bbox 1554 1490 1711 1512; x_wconf 75' lang='lat' dir='ltr'>autrement</span> <span class='ocrx_word' id='word_1_981' title='bbox 1732 1483 1780 1520; x_wconf 90' lang='lat' dir='ltr'>qui</span> <span class='ocrx_word' id='word_1_982' title='bbox 1802 1483 1864 1512; x_wconf 83' lang='lat' dir='ltr'>n&#39;ad</span> <span class='ocrx_word' id='word_1_983' title='bbox 1877 1483 1935 1512; x_wconf 78' lang='lat' dir='ltr'>este</span> <span class='ocrx_word' id='word_1_984' title='bbox 1948 1482 2113 1513; x_wconf 85' lang='lat' dir='ltr'>acustumez</span> <span class='ocrx_word' id='word_1_985' title='bbox 2126 1482 2226 1513; x_wconf 86' lang='lat' dir='ltr'>d’estre</span> <span class='ocrx_word' id='word_1_986' title='bbox 2239 1483 2287 1514; x_wconf 84' lang='lat' dir='ltr'>fait</span> <span class='ocrx_word' id='word_1_987' title='bbox 2302 1493 2352 1521; x_wconf 83' lang='lat' dir='ltr'>par</span> 
     </span>
     <span class='ocr_line' id='line_1_134' title="bbox 1293 1517 2352 1560; baseline 0.003 -12"><span class='ocrx_word' id='word_1_988' title='bbox 1293 1517 1340 1556; x_wconf 87' lang='lat' dir='ltr'>luy</span> <span class='ocrx_word' id='word_1_989' title='bbox 1360 1517 1405 1549; x_wconf 88' lang='lat' dir='ltr'>sur</span> <span class='ocrx_word' id='word_1_990' title='bbox 1426 1518 1465 1548; x_wconf 88' lang='lat' dir='ltr'>les</span> <span class='ocrx_word' id='word_1_991' title='bbox 1484 1518 1638 1552; x_wconf 86' lang='lat' dir='ltr'>Garnisons</span> <span class='ocrx_word' id='word_1_992' title='bbox 1652 1543 1663 1558; x_wconf 85' lang='lat'>,</span> <span class='ocrx_word' id='word_1_993' title='bbox 1684 1520 1771 1551; x_wconf 90' lang='lat' dir='ltr'>soient</span> <span class='ocrx_word' id='word_1_994' title='bbox 1786 1520 1925 1558; x_wconf 84' lang='lat' dir='ltr'>Repellez.</span> <span class='ocrx_word' id='word_1_995' title='bbox 1938 1521 1973 1551; x_wconf 93' lang='lat' dir='ltr'>de</span> <span class='ocrx_word' id='word_1_996' title='bbox 1989 1520 2067 1559; x_wconf 87' lang='lat' dir='ltr'>Fait,</span> <span class='ocrx_word' id='word_1_997' title='bbox 2083 1521 2168 1551; x_wconf 85' lang='lat' dir='ltr'>deinz</span> <span class='ocrx_word' id='word_1_998' title='bbox 2183 1523 2244 1553; x_wconf 88' lang='lat' dir='ltr'>vint</span> <span class='ocrx_word' id='word_1_999' title='bbox 2256 1523 2352 1560; x_wconf 87' lang='lat' dir='ltr'>jouts,</span> 
     </span>
     <span class='ocr_line' id='line_1_135' title="bbox 1295 1556 2352 1598; baseline 0.004 -12"><span class='ocrx_word' id='word_1_1000' title='bbox 1295 1556 1443 1594; x_wconf 85' lang='lat' dir='ltr'>proschein</span> <span class='ocrx_word' id='word_1_1001' title='bbox 1461 1558 1595 1588; x_wconf 82' lang='lat' dir='ltr'>ensuantz</span> <span class='ocrx_word' id='word_1_1002' title='bbox 1611 1568 1689 1598; x_wconf 84' lang='lat' dir='ltr'>apres</span> <span class='ocrx_word' id='word_1_1003' title='bbox 1702 1569 1736 1589; x_wconf 89' lang='lat' dir='ltr'>ce</span> <span class='ocrx_word' id='word_1_1004' title='bbox 1751 1569 1807 1597; x_wconf 87' lang='lat' dir='ltr'>que</span> <span class='ocrx_word' id='word_1_1005' title='bbox 1821 1569 1880 1589; x_wconf 79' lang='lat' dir='ltr'>noz</span> <span class='ocrx_word' id='word_1_1006' title='bbox 1895 1559 2035 1589; x_wconf 68' lang='lat' dir='ltr'>Meffaues</span> <span class='ocrx_word' id='word_1_1007' title='bbox 2049 1561 2082 1590; x_wconf 58' lang='grc' dir='ltr'>ὃς</span> <span class='ocrx_word' id='word_1_1008' title='bbox 2097 1558 2144 1589; x_wconf 85' lang='lat' dir='ltr'>De</span> <span class='ocrx_word' id='word_1_1009' title='bbox 2166 1568 2229 1590; x_wconf 82' lang='lat' dir='ltr'>utez</span> <span class='ocrx_word' id='word_1_1010' title='bbox 2242 1561 2352 1591; x_wconf 86' lang='lat' dir='ltr'>serront</span> 
     </span>
     <span class='ocr_line' id='line_1_136' title="bbox 1294 1583 2355 1636; baseline 0.003 -11"><span class='ocrx_word' id='word_1_1011' title='bbox 1294 1595 1442 1626; x_wconf 80' lang='lat' dir='ltr'>Accordes</span> <span class='ocrx_word' id='word_1_1012' title='bbox 1463 1606 1533 1627; x_wconf 88' lang='lat' dir='ltr'>avec</span> <span class='ocrx_word' id='word_1_1013' title='bbox 1556 1596 1594 1628; x_wconf 68' lang='lat' dir='ltr'>lec</span> <span class='ocrx_word' id='word_1_1014' title='bbox 1614 1596 1754 1636; x_wconf 81' lang='lat' dir='ltr'>Meffages</span> <span class='ocrx_word' id='word_1_1015' title='bbox 1773 1598 1806 1628; x_wconf 75' lang='grc' dir='ltr'>δε</span> <span class='ocrx_word' id='word_1_1016' title='bbox 1827 1583 2013 1635; x_wconf 68' lang='lat' dir='ltr'>Deputezd’e</span> <span class='ocrx_word' id='word_1_1017' title='bbox 2027 1597 2122 1628; x_wconf 87' lang='lat' dir='ltr'>nostre</span> <span class='ocrx_word' id='word_1_1018' title='bbox 2159 1600 2178 1628; x_wconf 85' lang='lat' dir='ltr'>it</span> <span class='ocrx_word' id='word_1_1019' title='bbox 2191 1598 2355 1628; x_wconf 84' lang='lat' dir='ltr'>Adversaire</span> 
     </span>
     <span class='ocr_line' id='line_1_137' title="bbox 1294 1633 2355 1674; baseline 0.004 -11"><span class='ocrx_word' id='word_1_1020' title='bbox 1294 1633 1339 1664; x_wconf 88' lang='lat' dir='ltr'>sur</span> <span class='ocrx_word' id='word_1_1021' title='bbox 1354 1633 1430 1664; x_wconf 89' lang='lat' dir='ltr'>ceste</span> <span class='ocrx_word' id='word_1_1022' title='bbox 1445 1634 1571 1674; x_wconf 83' lang='lat' dir='ltr'>Article,</span> <span class='ocrx_word' id='word_1_1023' title='bbox 1589 1637 1622 1667; x_wconf 87' lang='lat'>&amp;</span> <span class='ocrx_word' id='word_1_1024' title='bbox 1637 1636 1730 1667; x_wconf 83' lang='lat' dir='ltr'>auxint</span> <span class='ocrx_word' id='word_1_1025' title='bbox 1746 1646 1794 1674; x_wconf 88' lang='lat' dir='ltr'>par</span> <span class='ocrx_word' id='word_1_1026' title='bbox 1810 1636 1866 1666; x_wconf 83' lang='lat' dir='ltr'>ensi</span> <span class='ocrx_word' id='word_1_1027' title='bbox 1879 1644 1933 1674; x_wconf 89' lang='lat' dir='ltr'>que</span> <span class='ocrx_word' id='word_1_1028' title='bbox 1946 1636 2020 1666; x_wconf 89' lang='lat' dir='ltr'>nulle</span> <span class='ocrx_word' id='word_1_1029' title='bbox 2035 1646 2111 1666; x_wconf 88' lang='lat' dir='ltr'>autre</span> <span class='ocrx_word' id='word_1_1030' title='bbox 2127 1637 2238 1666; x_wconf 90' lang='lat' dir='ltr'>novelle</span> <span class='ocrx_word' id='word_1_1031' title='bbox 2248 1638 2355 1668; x_wconf 88' lang='lat' dir='ltr'>Armee</span> 
     </span>
     <span class='ocr_line' id='line_1_138' title="bbox 1295 1673 2355 1713; baseline 0.003 -11"><span class='ocrx_word' id='word_1_1032' title='bbox 1295 1682 1332 1702; x_wconf 87' lang='lat' dir='ltr'>ne</span> <span class='ocrx_word' id='word_1_1033' title='bbox 1347 1673 1432 1703; x_wconf 85' lang='lat' dir='ltr'>Poair</span> <span class='ocrx_word' id='word_1_1034' title='bbox 1447 1683 1484 1704; x_wconf 90' lang='lat' dir='ltr'>ne</span> <span class='ocrx_word' id='word_1_1035' title='bbox 1505 1673 1556 1704; x_wconf 89' lang='lat' dir='ltr'>soit</span> <span class='ocrx_word' id='word_1_1036' title='bbox 1579 1684 1639 1713; x_wconf 85' lang='lat' dir='ltr'>mys</span> <span class='ocrx_word' id='word_1_1037' title='bbox 1657 1684 1698 1705; x_wconf 89' lang='lat' dir='ltr'>ou</span> <span class='ocrx_word' id='word_1_1038' title='bbox 1721 1675 1843 1706; x_wconf 87' lang='lat' dir='ltr'>envoiez</span> <span class='ocrx_word' id='word_1_1039' title='bbox 1857 1685 1904 1713; x_wconf 83' lang='lat' dir='ltr'>par</span> <span class='ocrx_word' id='word_1_1040' title='bbox 1918 1675 2014 1704; x_wconf 82' lang='lat' dir='ltr'>nostre</span> <span class='ocrx_word' id='word_1_1041' title='bbox 2029 1675 2068 1704; x_wconf 89' lang='lat' dir='ltr'>dit</span> <span class='ocrx_word' id='word_1_1042' title='bbox 2085 1675 2246 1705; x_wconf 79' lang='lat' dir='ltr'>Adversaire</span> <span class='ocrx_word' id='word_1_1043' title='bbox 2260 1677 2302 1705; x_wconf 91' lang='lat' dir='ltr'>sur</span> <span class='ocrx_word' id='word_1_1044' title='bbox 2315 1677 2355 1705; x_wconf 75' lang='lat' dir='ltr'>les</span> 
     </span>
     <span class='ocr_line' id='line_1_139' title="bbox 1295 1711 2356 1751; baseline 0.001 -10"><span class='ocrx_word' id='word_1_1045' title='bbox 1295 1711 1336 1741; x_wconf 87' lang='lat' dir='ltr'>dit</span> <span class='ocrx_word' id='word_1_1046' title='bbox 1353 1711 1511 1750; x_wconf 87' lang='lat' dir='ltr'>Frontiers,</span> <span class='ocrx_word' id='word_1_1047' title='bbox 1528 1713 1632 1744; x_wconf 84' lang='lat' dir='ltr'>n&#39;autre</span> <span class='ocrx_word' id='word_1_1048' title='bbox 1645 1712 1759 1744; x_wconf 90' lang='lat' dir='ltr'>Guerre</span> <span class='ocrx_word' id='word_1_1049' title='bbox 1773 1713 1840 1743; x_wconf 82' lang='lat' dir='ltr'>faite</span> <span class='ocrx_word' id='word_1_1050' title='bbox 1853 1714 1890 1744; x_wconf 94' lang='lat' dir='ltr'>de</span> <span class='ocrx_word' id='word_1_1051' title='bbox 1904 1713 1928 1743; x_wconf 90' lang='lat' dir='ltr'>sa</span> <span class='ocrx_word' id='word_1_1052' title='bbox 1942 1712 2024 1750; x_wconf 89' lang='lat' dir='ltr'>Part,</span> <span class='ocrx_word' id='word_1_1053' title='bbox 2044 1714 2063 1743; x_wconf 83' lang='lat' dir='ltr'>fi</span> <span class='ocrx_word' id='word_1_1054' title='bbox 2077 1723 2158 1743; x_wconf 88' lang='lat' dir='ltr'>noun</span> <span class='ocrx_word' id='word_1_1055' title='bbox 2172 1715 2265 1751; x_wconf 76' lang='lat' dir='ltr'>parles</span> <span class='ocrx_word' id='word_1_1056' title='bbox 2278 1713 2356 1743; x_wconf 86' lang='lat' dir='ltr'>Gar·-</span> 
     </span>
     <span class='ocr_line' id='line_1_140' title="bbox 1295 1750 2355 1791; baseline 0.003 -12"><span class='ocrx_word' id='word_1_1057' title='bbox 1295 1750 1389 1780; x_wconf 88' lang='lat' dir='ltr'>nisons</span> <span class='ocrx_word' id='word_1_1058' title='bbox 1411 1750 1577 1782; x_wconf 87' lang='lat' dir='ltr'>acustumez</span> <span class='ocrx_word' id='word_1_1059' title='bbox 1591 1775 1601 1790; x_wconf 88' lang='lat'>,</span> <span class='ocrx_word' id='word_1_1060' title='bbox 1625 1752 1747 1790; x_wconf 82' lang='lat' dir='ltr'>pendant</span> <span class='ocrx_word' id='word_1_1061' title='bbox 1766 1752 1792 1782; x_wconf 90' lang='lat' dir='ltr'>le</span> <span class='ocrx_word' id='word_1_1062' title='bbox 1810 1752 1852 1782; x_wconf 89' lang='lat' dir='ltr'>dit</span> <span class='ocrx_word' id='word_1_1063' title='bbox 1874 1753 1980 1790; x_wconf 89' lang='lat' dir='ltr'>primer</span> <span class='ocrx_word' id='word_1_1064' title='bbox 1999 1753 2065 1790; x_wconf 88' lang='lat' dir='ltr'>jour</span> <span class='ocrx_word' id='word_1_1065' title='bbox 2086 1751 2226 1791; x_wconf 82' lang='lat' dir='ltr'>deJuyn,</span> <span class='ocrx_word' id='word_1_1066' title='bbox 2247 1752 2355 1782; x_wconf 85' lang='lat' dir='ltr'>ficome</span> 
     </span>
     <span class='ocr_line' id='line_1_141' title="bbox 1296 1789 2038 1828; baseline 0.001 -10"><span class='ocrx_word' id='word_1_1067' title='bbox 1296 1798 1382 1819; x_wconf 88' lang='lat' dir='ltr'>corne</span> <span class='ocrx_word' id='word_1_1068' title='bbox 1398 1799 1447 1826; x_wconf 85' lang='lat' dir='ltr'>par</span> <span class='ocrx_word' id='word_1_1069' title='bbox 1466 1799 1526 1820; x_wconf 89' lang='lat' dir='ltr'>noz</span> <span class='ocrx_word' id='word_1_1070' title='bbox 1539 1790 1598 1820; x_wconf 87' lang='lat' dir='ltr'>ditz</span> <span class='ocrx_word' id='word_1_1071' title='bbox 1615 1789 1760 1828; x_wconf 71' lang='lat' dir='ltr'>Messages</span> <span class='ocrx_word' id='word_1_1072' title='bbox 1773 1790 1857 1821; x_wconf 87' lang='lat' dir='ltr'>estoit</span> <span class='ocrx_word' id='word_1_1073' title='bbox 1870 1791 2038 1822; x_wconf 86' lang='lat' dir='ltr'>demandez.</span> 
     </span>
    </p>

    <p class='ocr_par' dir='ltr' id='par_1_36' title="bbox 1297 1826 2356 1906">
     <span class='ocr_line' id='line_1_142' title="bbox 1335 1826 2356 1866; baseline 0.003 -9"><span class='ocrx_word' id='word_1_1074' title='bbox 1335 1826 1417 1858; x_wconf 92' lang='lat' dir='ltr'>Don.</span> <span class='ocrx_word' id='word_1_1075' title='bbox 1437 1838 1484 1865; x_wconf 85' lang='lat' dir='ltr'>par</span> <span class='ocrx_word' id='word_1_1076' title='bbox 1497 1829 1726 1866; x_wconf 69' lang='lat' dir='ltr'>Tesmoignance</span> <span class='ocrx_word' id='word_1_1077' title='bbox 1738 1829 1775 1859; x_wconf 85' lang='lat' dir='ltr'>de</span> <span class='ocrx_word' id='word_1_1078' title='bbox 1786 1828 1884 1860; x_wconf 83' lang='lat' dir='ltr'>nostre</span> <span class='ocrx_word' id='word_1_1079' title='bbox 1897 1828 1992 1859; x_wconf 80' lang='lat' dir='ltr'>Grant</span> <span class='ocrx_word' id='word_1_1080' title='bbox 2007 1828 2085 1866; x_wconf 83' lang='lat' dir='ltr'>Seal,</span> <span class='ocrx_word' id='word_1_1081' title='bbox 2104 1838 2119 1860; x_wconf 84' lang='lat' dir='ltr'>a</span> <span class='ocrx_word' id='word_1_1082' title='bbox 2134 1828 2231 1860; x_wconf 89' lang='lat' dir='ltr'>nostre</span> <span class='ocrx_word' id='word_1_1083' title='bbox 2238 1827 2356 1860; x_wconf 80' lang='lat' dir='ltr'>Chastel</span> 
     </span>
     <span class='ocr_line' id='line_1_143' title="bbox 1297 1865 1964 1906; baseline 0.001 -10"><span class='ocrx_word' id='word_1_1084' title='bbox 1297 1865 1333 1896; x_wconf 90' lang='lat' dir='ltr'>de</span> <span class='ocrx_word' id='word_1_1085' title='bbox 1346 1865 1540 1906; x_wconf 85' lang='lat' dir='ltr'>Wyndesore,</span> <span class='ocrx_word' id='word_1_1086' title='bbox 1558 1867 1584 1899; x_wconf 85' lang='lat' dir='ltr'>le</span> <span class='ocrx_word' id='word_1_1087' title='bbox 1597 1868 1705 1899; x_wconf 85' lang='lat' dir='ltr'>Tierce</span> <span class='ocrx_word' id='word_1_1088' title='bbox 1716 1868 1783 1906; x_wconf 86' lang='lat' dir='ltr'>jour</span> <span class='ocrx_word' id='word_1_1089' title='bbox 1796 1868 1832 1898; x_wconf 92' lang='lat' dir='ltr'>de</span> <span class='ocrx_word' id='word_1_1090' title='bbox 1849 1867 1964 1899; x_wconf 84' lang='lat' dir='ltr'>Marcz.</span> 
     </span>
    </p>
   </div>
   <div class='ocr_carea' id='block_1_19' title="bbox 1855 1943 2250 1985">
    <p class='ocr_par' dir='ltr' id='par_1_37' title="bbox 1855 1943 2250 1985">
     <span class='ocr_line' id='line_1_144' title="bbox 1855 1943 2250 1985; baseline 0.003 -11"><span class='ocrx_word' id='word_1_1091' title='bbox 1855 1946 1915 1975; x_wconf 85' lang='lat' dir='ltr'>Par</span> <span class='ocrx_word' id='word_1_1092' title='bbox 1927 1944 1954 1974; x_wconf 84' lang='lat' dir='ltr'>le</span> <span class='ocrx_word' id='word_1_1093' title='bbox 1964 1947 2015 1975; x_wconf 81' lang='lat' dir='ltr'>Roi</span> <span class='ocrx_word' id='word_1_1094' title='bbox 2029 1943 2068 1980; x_wconf 60' lang='grc' dir='ltr'><em>ό</em></span> <span class='ocrx_word' id='word_1_1095' title='bbox 2075 1943 2127 1984; x_wconf 73' lang='lat' dir='ltr'>fitn</span> <span class='ocrx_word' id='word_1_1096' title='bbox 2140 1945 2250 1985; x_wconf 81' lang='lat' dir='ltr'>Conseil.</span> 
     </span>
    </p>
   </div>
   <div class='ocr_carea' id='block_1_20' title="bbox 1300 2064 2364 2163">
    <p class='ocr_par' dir='ltr' id='par_1_38' title="bbox 1300 2064 2364 2163">
     <span class='ocr_line' id='line_1_145' title="bbox 1300 2064 2364 2117; baseline 0.002 -15"><span class='ocrx_word' id='word_1_1097' title='bbox 1300 2071 1350 2102; x_wconf 87' lang='lat' dir='ltr'>De</span> <span class='ocrx_word' id='word_1_1098' title='bbox 1364 2068 1473 2115; x_wconf 71' lang='lat' dir='ltr'>affi’nfh</span> <span class='ocrx_word' id='word_1_1099' title='bbox 1491 2072 1581 2117; x_wconf 75' lang='lat' dir='ltr'>Regis</span> <span class='ocrx_word' id='word_1_1100' title='bbox 1594 2097 1604 2113; x_wconf 85' lang='lat'>,</span> <span class='ocrx_word' id='word_1_1101' title='bbox 1630 2068 1710 2116; x_wconf 81' lang='lat' dir='ltr'>quod</span> <span class='ocrx_word' id='word_1_1102' title='bbox 1725 2065 1882 2103; x_wconf 65' lang='lat' dir='ltr'>Matabiles</span> <span class='ocrx_word' id='word_1_1103' title='bbox 1899 2073 1935 2108; x_wconf 62' lang='lat' dir='ltr'>(sy</span> <span class='ocrx_word' id='word_1_1104' title='bbox 1949 2064 2109 2116; x_wconf 76' lang='lat' dir='ltr'>sblempnes</span> <span class='ocrx_word' id='word_1_1105' title='bbox 2133 2070 2295 2116; x_wconf 75' lang='lat' dir='ltr'>Persbuas,</span> <span class='ocrx_word' id='word_1_1106' title='bbox 2318 2067 2364 2104; x_wconf 78' lang='lat' dir='ltr'>ad</span> 
     </span>
     <span class='ocr_line' id='line_1_146' title="bbox 1378 2118 2288 2163; baseline 0.002 -12"><span class='ocrx_word' id='word_1_1107' title='bbox 1378 2118 1587 2152; x_wconf 61' lang='lat' dir='ltr'>Trastandam</span> <span class='ocrx_word' id='word_1_1108' title='bbox 1604 2118 1640 2152; x_wconf 83' lang='lat' dir='ltr'>de</span> <span class='ocrx_word' id='word_1_1109' title='bbox 1660 2123 1757 2161; x_wconf 75' lang='lat' dir='ltr'>Pace,</span> <span class='ocrx_word' id='word_1_1110' title='bbox 1780 2118 1824 2151; x_wconf 76' lang='lat' dir='ltr'>ad</span> <span class='ocrx_word' id='word_1_1111' title='bbox 1839 2118 2006 2152; x_wconf 64' lang='lat' dir='ltr'>condufbnm</span> <span class='ocrx_word' id='word_1_1112' title='bbox 2023 2118 2102 2151; x_wconf 73' lang='lat' dir='ltr'>diem</span> <span class='ocrx_word' id='word_1_1113' title='bbox 2118 2118 2288 2163; x_wconf 76' lang='lat' dir='ltr'>destinabit.</span> 
     </span>
    </p>
   </div>
   <div class='ocr_carea' id='block_1_21' title="bbox 1302 2199 2518 3713">
    <p class='ocr_par' dir='ltr' id='par_1_39' title="bbox 1302 2199 2518 3713">
     <span class='ocr_line' id='line_1_147' title="bbox 1302 2199 2518 2264; baseline 0 -31"><span class='ocrx_word' id='word_1_1114' title='bbox 1302 2203 1390 2264; x_wconf 88' lang='lat' dir='ltr'>LE</span> <span class='ocrx_word' id='word_1_1115' title='bbox 1418 2203 1448 2233; x_wconf 82' lang='lat' dir='ltr'>R</span> <span class='ocrx_word' id='word_1_1116' title='bbox 1458 2213 1499 2234; x_wconf 94' lang='lat'>01</span> <span class='ocrx_word' id='word_1_1117' title='bbox 1525 2213 1541 2234; x_wconf 87' lang='lat' dir='ltr'>a</span> <span class='ocrx_word' id='word_1_1118' title='bbox 1555 2211 1625 2235; x_wconf 87' lang='lat' dir='ltr'>touz</span> <span class='ocrx_word' id='word_1_1119' title='bbox 1636 2213 1724 2242; x_wconf 78' lang='lat' dir='ltr'>ceux,</span> <span class='ocrx_word' id='word_1_1120' title='bbox 1741 2205 1790 2243; x_wconf 91' lang='lat' dir='ltr'>qui</span> <span class='ocrx_word' id='word_1_1121' title='bbox 1805 2204 1893 2235; x_wconf 85' lang='lat' dir='ltr'>cestes</span> <span class='ocrx_word' id='word_1_1122' title='bbox 1908 2203 2018 2235; x_wconf 86' lang='lat' dir='ltr'>Lettres</span> <span class='ocrx_word' id='word_1_1123' title='bbox 2033 2212 2164 2242; x_wconf 84' lang='lat' dir='ltr'>verront,</span> <span class='ocrx_word' id='word_1_1124' title='bbox 2183 2204 2288 2236; x_wconf 88' lang='lat' dir='ltr'>Salutz.</span> <span class='ocrx_word' id='word_1_1125' title='bbox 2387 2201 2463 2233; x_wconf 87' lang='lat' dir='ltr'>Ann.</span> <span class='ocrx_word' id='word_1_1126' title='bbox 2473 2199 2518 2232; x_wconf 83' lang='lat' dir='ltr'>D.</span> 
     </span>
     <span class='ocr_line' id='line_1_148' title="bbox 1397 2241 2494 2282; baseline 0.002 -9"><span class='ocrx_word' id='word_1_1127' title='bbox 1397 2241 1495 2273; x_wconf 89' lang='lat' dir='ltr'>Come</span> <span class='ocrx_word' id='word_1_1128' title='bbox 1507 2266 1517 2280; x_wconf 82' lang='lat'>,</span> <span class='ocrx_word' id='word_1_1129' title='bbox 1541 2253 1588 2279; x_wconf 84' lang='lat' dir='ltr'>par</span> <span class='ocrx_word' id='word_1_1130' title='bbox 1612 2253 1692 2274; x_wconf 88' lang='lat' dir='ltr'>entre</span> <span class='ocrx_word' id='word_1_1131' title='bbox 1709 2244 1748 2274; x_wconf 85' lang='lat' dir='ltr'>les</span> <span class='ocrx_word' id='word_1_1132' title='bbox 1769 2242 1911 2282; x_wconf 84' lang='lat' dir='ltr'>Messages</span> <span class='ocrx_word' id='word_1_1133' title='bbox 1929 2244 1963 2274; x_wconf 71' lang='grc' dir='ltr'>ὃ(</span> <span class='ocrx_word' id='word_1_1134' title='bbox 1978 2242 2116 2280; x_wconf 84' lang='lat' dir='ltr'>Deputez</span> <span class='ocrx_word' id='word_1_1135' title='bbox 2127 2243 2163 2274; x_wconf 92' lang='lat' dir='ltr'>de</span> <span class='ocrx_word' id='word_1_1136' title='bbox 2177 2243 2265 2274; x_wconf 88' lang='lat' dir='ltr'>Nous</span> <span class='ocrx_word' id='word_1_1137' title='bbox 2278 2245 2312 2275; x_wconf 86' lang='lat'>&amp;</span> <span class='ocrx_word' id='word_1_1138' title='bbox 2325 2244 2363 2275; x_wconf 88' lang='lat' dir='ltr'>de</span> <span class='ocrx_word' id='word_1_1139' title='bbox 2405 2242 2494 2280; x_wconf 72' lang='lat'>1382·</span> 
     </span>
     <span class='ocr_line' id='line_1_149' title="bbox 1304 2280 2480 2322; baseline -0.005 -10"><span class='ocrx_word' id='word_1_1140' title='bbox 1304 2281 1400 2315; x_wconf 87' lang='lat' dir='ltr'>nostre</span> <span class='ocrx_word' id='word_1_1141' title='bbox 1421 2280 1594 2322; x_wconf 75' lang='lat' dir='ltr'>Adverfizire</span> <span class='ocrx_word' id='word_1_1142' title='bbox 1615 2282 1647 2311; x_wconf 83' lang='lat' dir='ltr'>de</span> <span class='ocrx_word' id='word_1_1143' title='bbox 1667 2285 1770 2311; x_wconf 85' lang='lat' dir='ltr'>France</span> <span class='ocrx_word' id='word_1_1144' title='bbox 1783 2306 1793 2320; x_wconf 89' lang='lat'>,</span> <span class='ocrx_word' id='word_1_1145' title='bbox 1816 2282 1970 2312; x_wconf 86' lang='lat' dir='ltr'>assemblez</span> <span class='ocrx_word' id='word_1_1146' title='bbox 1991 2291 2043 2319; x_wconf 91' lang='lat' dir='ltr'>pur</span> <span class='ocrx_word' id='word_1_1147' title='bbox 2057 2282 2166 2312; x_wconf 85' lang='lat' dir='ltr'>Traitie</span> <span class='ocrx_word' id='word_1_1148' title='bbox 2179 2282 2214 2312; x_wconf 88' lang='lat' dir='ltr'>de</span> <span class='ocrx_word' id='word_1_1149' title='bbox 2229 2282 2316 2321; x_wconf 83' lang='lat' dir='ltr'>Pees,</span> <span class='ocrx_word' id='word_1_1150' title='bbox 2334 2293 2364 2313; x_wconf 83' lang='lat' dir='ltr'>es</span> <span class='ocrx_word' id='word_1_1151' title='bbox 2382 2284 2434 2308; x_wconf 79' lang='lat' dir='ltr'>An.</span> <span class='ocrx_word' id='word_1_1152' title='bbox 2451 2289 2480 2315; x_wconf 87' lang='lat'>5.</span> 
     </span>
     <span class='ocr_line' id='line_1_150' title="bbox 1304 2319 2457 2359; baseline 0.002 -9"><span class='ocrx_word' id='word_1_1153' title='bbox 1304 2320 1409 2351; x_wconf 80' lang='lat' dir='ltr'>Parties</span> <span class='ocrx_word' id='word_1_1154' title='bbox 1430 2320 1466 2351; x_wconf 92' lang='lat' dir='ltr'>de</span> <span class='ocrx_word' id='word_1_1155' title='bbox 1487 2320 1632 2359; x_wconf 79' lang='lat' dir='ltr'>Picardie,</span> <span class='ocrx_word' id='word_1_1156' title='bbox 1650 2330 1666 2350; x_wconf 91' lang='lat' dir='ltr'>a</span> <span class='ocrx_word' id='word_1_1157' title='bbox 1685 2321 1710 2350; x_wconf 85' lang='lat' dir='ltr'>la</span> <span class='ocrx_word' id='word_1_1158' title='bbox 1724 2321 1849 2351; x_wconf 85' lang='lat' dir='ltr'>darreine</span> <span class='ocrx_word' id='word_1_1159' title='bbox 1859 2320 2003 2359; x_wconf 86' lang='lat' dir='ltr'>Journee,</span> <span class='ocrx_word' id='word_1_1160' title='bbox 2016 2329 2106 2351; x_wconf 83' lang='lat' dir='ltr'>tenuz</span> <span class='ocrx_word' id='word_1_1161' title='bbox 2115 2331 2150 2350; x_wconf 90' lang='lat' dir='ltr'>en</span> <span class='ocrx_word' id='word_1_1162' title='bbox 2167 2319 2246 2351; x_wconf 88' lang='lat' dir='ltr'>Mois</span> <span class='ocrx_word' id='word_1_1163' title='bbox 2260 2321 2297 2352; x_wconf 91' lang='lat' dir='ltr'>de</span> <span class='ocrx_word' id='word_1_1164' title='bbox 2312 2321 2363 2352; x_wconf 83' lang='lat' dir='ltr'>Fe-</span> <span class='ocrx_word' id='word_1_1165' title='bbox 2382 2323 2411 2346; x_wconf 86' lang='lat' dir='ltr'>R.</span> <span class='ocrx_word' id='word_1_1166' title='bbox 2430 2329 2457 2346; x_wconf 88' lang='lat'>2·</span> 
     </span>
     <span class='ocr_line' id='line_1_151' title="bbox 1303 2357 2495 2397; baseline 0.001 -8"><span class='ocrx_word' id='word_1_1167' title='bbox 1303 2369 1399 2397; x_wconf 87' lang='lat' dir='ltr'>verer,</span> <span class='ocrx_word' id='word_1_1168' title='bbox 1417 2359 1527 2389; x_wconf 89' lang='lat' dir='ltr'>darrein</span> <span class='ocrx_word' id='word_1_1169' title='bbox 1548 2359 1641 2397; x_wconf 80' lang='lat' dir='ltr'>paffez</span> <span class='ocrx_word' id='word_1_1170' title='bbox 1655 2382 1665 2397; x_wconf 91' lang='lat'>,</span> <span class='ocrx_word' id='word_1_1171' title='bbox 1689 2360 1742 2389; x_wconf 83' lang='lat' dir='ltr'>soit</span> <span class='ocrx_word' id='word_1_1172' title='bbox 1760 2369 1808 2396; x_wconf 84' lang='lat' dir='ltr'>par</span> <span class='ocrx_word' id='word_1_1173' title='bbox 1822 2361 1957 2390; x_wconf 90' lang='lat' dir='ltr'>certeines</span> <span class='ocrx_word' id='word_1_1174' title='bbox 1973 2359 2084 2397; x_wconf 83' lang='lat' dir='ltr'>causes,</span> <span class='ocrx_word' id='word_1_1175' title='bbox 2101 2368 2181 2390; x_wconf 87' lang='lat' dir='ltr'>entre</span> <span class='ocrx_word' id='word_1_1176' title='bbox 2191 2369 2281 2391; x_wconf 80' lang='lat' dir='ltr'>autres</span> <span class='ocrx_word' id='word_1_1177' title='bbox 2291 2360 2364 2390; x_wconf 87' lang='lat' dir='ltr'>cho·</span> <span class='ocrx_word' id='word_1_1178' title='bbox 2387 2357 2495 2385; x_wconf 72' lang='lat' dir='ltr'>Ibidem.</span> 
     </span>
     <span class='ocr_line' id='line_1_152' title="bbox 1303 2394 2468 2438; baseline 0.002 -10"><span class='ocrx_word' id='word_1_1179' title='bbox 1303 2398 1360 2436; x_wconf 82' lang='lat' dir='ltr'>ses,</span> <span class='ocrx_word' id='word_1_1180' title='bbox 1376 2398 1491 2436; x_wconf 80' lang='lat' dir='ltr'>Parlez,</span> <span class='ocrx_word' id='word_1_1181' title='bbox 1507 2398 1551 2428; x_wconf 87' lang='lat' dir='ltr'>sur</span> <span class='ocrx_word' id='word_1_1182' title='bbox 1570 2399 1597 2429; x_wconf 93' lang='lat' dir='ltr'>le</span> <span class='ocrx_word' id='word_1_1183' title='bbox 1617 2397 1712 2428; x_wconf 85' lang='lat' dir='ltr'>Pleifir</span> <span class='ocrx_word' id='word_1_1184' title='bbox 1735 2397 1771 2428; x_wconf 91' lang='lat' dir='ltr'>de</span> <span class='ocrx_word' id='word_1_1185' title='bbox 1793 2396 1882 2428; x_wconf 87' lang='lat' dir='ltr'>Nous</span> <span class='ocrx_word' id='word_1_1186' title='bbox 1905 2399 1939 2430; x_wconf 84' lang='lat'>&amp;</span> <span class='ocrx_word' id='word_1_1187' title='bbox 1960 2397 1997 2428; x_wconf 91' lang='lat' dir='ltr'>de</span> <span class='ocrx_word' id='word_1_1188' title='bbox 2015 2397 2112 2428; x_wconf 88' lang='lat' dir='ltr'>nostre</span> <span class='ocrx_word' id='word_1_1189' title='bbox 2130 2399 2171 2430; x_wconf 87' lang='lat' dir='ltr'>dit</span> <span class='ocrx_word' id='word_1_1190' title='bbox 2185 2399 2366 2438; x_wconf 81' lang='lat' dir='ltr'>Adversaire,</span> <span class='ocrx_word' id='word_1_1191' title='bbox 2386 2405 2426 2424; x_wconf 78' lang='lat'>⁷⁷²·</span> <span class='ocrx_word' id='word_1_1192' title='bbox 2438 2394 2468 2423; x_wconf 72' lang='lat'>8-</span> 
     </span>
     <span class='ocr_line' id='line_1_153' title="bbox 1327 2447 2365 2474; baseline 0 -8"><span class='ocrx_word' id='word_1_1193' title='bbox 1327 2447 1376 2474; x_wconf 83' lang='lat' dir='ltr'>ue,</span> <span class='ocrx_word' id='word_1_1194' title='bbox 2362 2456 2365 2458; x_wconf 78' lang='lat'><strong><em>—</em></strong></span> 
     </span>
     <span class='ocr_line' id='line_1_154' title="bbox 1305 2447 2370 2507; baseline 0.001 -1"><span class='ocrx_word' id='word_1_1195' title='bbox 1305 2447 1324 2476; x_wconf 80' lang='lat' dir='ltr'>q</span> <span class='ocrx_word' id='word_1_1196' title='bbox 1342 2475 1400 2506; x_wconf 89' lang='lat' dir='ltr'>Pur</span> <span class='ocrx_word' id='word_1_1197' title='bbox 1419 2476 1509 2506; x_wconf 86' lang='lat' dir='ltr'>savoir</span> <span class='ocrx_word' id='word_1_1198' title='bbox 1531 2475 1556 2506; x_wconf 91' lang='lat' dir='ltr'>la</span> <span class='ocrx_word' id='word_1_1199' title='bbox 1575 2475 1702 2506; x_wconf 85' lang='lat' dir='ltr'>Volente</span> <span class='ocrx_word' id='word_1_1200' title='bbox 1718 2475 1752 2506; x_wconf 91' lang='lat'>&amp;</span> <span class='ocrx_word' id='word_1_1201' title='bbox 1774 2475 1933 2507; x_wconf 87' lang='lat' dir='ltr'>Entention</span> <span class='ocrx_word' id='word_1_1202' title='bbox 1954 2474 1991 2505; x_wconf 89' lang='lat' dir='ltr'>de</span> <span class='ocrx_word' id='word_1_1203' title='bbox 2007 2474 2096 2506; x_wconf 84' lang='lat' dir='ltr'>Nous</span> <span class='ocrx_word' id='word_1_1204' title='bbox 2114 2477 2148 2507; x_wconf 68' lang='grc' dir='ltr'>ὃς</span> <span class='ocrx_word' id='word_1_1205' title='bbox 2170 2476 2206 2506; x_wconf 87' lang='lat' dir='ltr'>de</span> <span class='ocrx_word' id='word_1_1206' title='bbox 2220 2475 2316 2507; x_wconf 85' lang='lat' dir='ltr'>nostre</span> <span class='ocrx_word' id='word_1_1207' title='bbox 2326 2475 2370 2507; x_wconf 83' lang='lat' dir='ltr'>dit</span> 
     </span>
     <span class='ocr_line' id='line_1_155' title="bbox 1306 2514 2368 2554; baseline 0.002 -10"><span class='ocrx_word' id='word_1_1208' title='bbox 1306 2514 1486 2553; x_wconf 86' lang='lat' dir='ltr'>Adversaire,</span> <span class='ocrx_word' id='word_1_1209' title='bbox 1504 2521 1564 2545; x_wconf 86' lang='lat' dir='ltr'>tant</span> <span class='ocrx_word' id='word_1_1210' title='bbox 1578 2514 1622 2544; x_wconf 90' lang='lat' dir='ltr'>sur</span> <span class='ocrx_word' id='word_1_1211' title='bbox 1637 2514 1664 2544; x_wconf 90' lang='lat' dir='ltr'>le</span> <span class='ocrx_word' id='word_1_1212' title='bbox 1676 2514 1818 2551; x_wconf 88' lang='lat' dir='ltr'>Principal</span> <span class='ocrx_word' id='word_1_1213' title='bbox 1832 2514 1969 2544; x_wconf 88' lang='lat' dir='ltr'>touchant</span> <span class='ocrx_word' id='word_1_1214' title='bbox 1983 2514 2009 2545; x_wconf 90' lang='lat' dir='ltr'>le</span> <span class='ocrx_word' id='word_1_1215' title='bbox 2025 2514 2085 2543; x_wconf 88' lang='lat' dir='ltr'>Fait</span> <span class='ocrx_word' id='word_1_1216' title='bbox 2095 2514 2132 2544; x_wconf 89' lang='lat' dir='ltr'>de</span> <span class='ocrx_word' id='word_1_1217' title='bbox 2147 2515 2171 2544; x_wconf 87' lang='lat' dir='ltr'>la</span> <span class='ocrx_word' id='word_1_1218' title='bbox 2179 2515 2263 2554; x_wconf 82' lang='lat' dir='ltr'>Pees‚</span> <span class='ocrx_word' id='word_1_1219' title='bbox 2282 2523 2368 2546; x_wconf 89' lang='lat' dir='ltr'>come</span> 
     </span>
     <span class='ocr_line' id='line_1_156' title="bbox 1305 2551 2371 2591; baseline 0.002 -8"><span class='ocrx_word' id='word_1_1220' title='bbox 1305 2554 1348 2583; x_wconf 88' lang='lat' dir='ltr'>sur</span> <span class='ocrx_word' id='word_1_1221' title='bbox 1363 2554 1402 2584; x_wconf 88' lang='lat' dir='ltr'>les</span> <span class='ocrx_word' id='word_1_1222' title='bbox 1415 2553 1536 2584; x_wconf 90' lang='lat' dir='ltr'>Trieues</span> <span class='ocrx_word' id='word_1_1223' title='bbox 1549 2552 1675 2584; x_wconf 82' lang='lat' dir='ltr'>touchez</span> <span class='ocrx_word' id='word_1_1224' title='bbox 1690 2563 1706 2583; x_wconf 90' lang='lat' dir='ltr'>a</span> <span class='ocrx_word' id='word_1_1225' title='bbox 1719 2554 1826 2583; x_wconf 89' lang='lat' dir='ltr'>mesme</span> <span class='ocrx_word' id='word_1_1226' title='bbox 1839 2553 1864 2582; x_wconf 89' lang='lat' dir='ltr'>le</span> <span class='ocrx_word' id='word_1_1227' title='bbox 1875 2551 1985 2591; x_wconf 89' lang='lat' dir='ltr'>Journe</span> <span class='ocrx_word' id='word_1_1228' title='bbox 1999 2575 2008 2590; x_wconf 87' lang='lat'>‚</span> <span class='ocrx_word' id='word_1_1229' title='bbox 2027 2553 2060 2583; x_wconf 89' lang='lat'>&amp;</span> <span class='ocrx_word' id='word_1_1230' title='bbox 2075 2552 2123 2582; x_wconf 85' lang='lat' dir='ltr'>des</span> <span class='ocrx_word' id='word_1_1231' title='bbox 2138 2552 2371 2585; x_wconf 88' lang='lat' dir='ltr'>Circumstances</span> 
     </span>
     <span class='ocr_line' id='line_1_157' title="bbox 1305 2590 2371 2630; baseline 0 -7"><span class='ocrx_word' id='word_1_1232' title='bbox 1305 2594 1337 2623; x_wconf 91' lang='lat'>&amp;</span> <span class='ocrx_word' id='word_1_1233' title='bbox 1352 2591 1562 2630; x_wconf 82' lang='lat' dir='ltr'>Dependences</span> <span class='ocrx_word' id='word_1_1234' title='bbox 1574 2591 1613 2621; x_wconf 91' lang='lat' dir='ltr'>du</span> <span class='ocrx_word' id='word_1_1235' title='bbox 1625 2591 1667 2622; x_wconf 88' lang='lat' dir='ltr'>dit</span> <span class='ocrx_word' id='word_1_1236' title='bbox 1679 2591 1740 2621; x_wconf 83' lang='lat' dir='ltr'>Fait</span> <span class='ocrx_word' id='word_1_1237' title='bbox 1755 2590 1897 2629; x_wconf 87' lang='lat' dir='ltr'>Principal</span> <span class='ocrx_word' id='word_1_1238' title='bbox 1915 2590 2126 2629; x_wconf 75' lang='lat' dir='ltr'>(c’estaffavoir)</span> <span class='ocrx_word' id='word_1_1239' title='bbox 2150 2592 2199 2622; x_wconf 90' lang='lat' dir='ltr'>des</span> <span class='ocrx_word' id='word_1_1240' title='bbox 2217 2592 2371 2623; x_wconf 82' lang='lat' dir='ltr'>Modifica-</span> 
     </span>
     <span class='ocr_line' id='line_1_158' title="bbox 1305 2629 2369 2670; baseline 0.002 -10"><span class='ocrx_word' id='word_1_1241' title='bbox 1305 2632 1365 2660; x_wconf 91' lang='lat' dir='ltr'>tion</span> <span class='ocrx_word' id='word_1_1242' title='bbox 1386 2632 1420 2662; x_wconf 66' lang='grc' dir='ltr'>ὃς</span> <span class='ocrx_word' id='word_1_1243' title='bbox 1444 2630 1611 2660; x_wconf 81' lang='lat' dir='ltr'>Limitation</span> <span class='ocrx_word' id='word_1_1244' title='bbox 1632 2630 1668 2660; x_wconf 91' lang='lat' dir='ltr'>de</span> <span class='ocrx_word' id='word_1_1245' title='bbox 1693 2629 1868 2660; x_wconf 66' lang='lat' dir='ltr'>Reson&#39;r</span> <span class='ocrx_word' id='word_1_1246' title='bbox 1895 2631 1929 2661; x_wconf 88' lang='lat'>&amp;</span> <span class='ocrx_word' id='word_1_1247' title='bbox 1950 2629 2033 2659; x_wconf 82' lang='lat' dir='ltr'>dela</span> <span class='ocrx_word' id='word_1_1248' title='bbox 2059 2630 2369 2670; x_wconf 74' lang='lat' dir='ltr'>SovERENTssE‚</span> 
     </span>
     <span class='ocr_line' id='line_1_159' title="bbox 1304 2667 2372 2737; baseline 0.001 -38"><span class='ocrx_word' id='word_1_1249' title='bbox 1304 2670 1337 2737; x_wconf 62' lang='lat' dir='ltr'>i&amp;</span> <span class='ocrx_word' id='word_1_1250' title='bbox 1352 2669 1389 2699; x_wconf 90' lang='lat' dir='ltr'>de</span> <span class='ocrx_word' id='word_1_1251' title='bbox 1401 2669 1440 2699; x_wconf 87' lang='lat' dir='ltr'>les</span> <span class='ocrx_word' id='word_1_1252' title='bbox 1455 2668 1577 2707; x_wconf 80' lang='lat' dir='ltr'>Ten-es,</span> <span class='ocrx_word' id='word_1_1253' title='bbox 1594 2670 1628 2700; x_wconf 91' lang='lat'>&amp;</span> <span class='ocrx_word' id='word_1_1254' title='bbox 1642 2668 1679 2699; x_wconf 86' lang='lat' dir='ltr'>de</span> <span class='ocrx_word' id='word_1_1255' title='bbox 1689 2677 1780 2699; x_wconf 90' lang='lat' dir='ltr'>autres</span> <span class='ocrx_word' id='word_1_1256' title='bbox 1794 2668 1910 2706; x_wconf 79' lang='lat' dir='ltr'>choses,</span> <span class='ocrx_word' id='word_1_1257' title='bbox 1928 2667 2000 2698; x_wconf 87' lang='lat' dir='ltr'>dont</span> <span class='ocrx_word' id='word_1_1258' title='bbox 2015 2668 2168 2699; x_wconf 79' lang='lat' dir='ltr'>autrefoitz</span> <span class='ocrx_word' id='word_1_1259' title='bbox 2181 2669 2216 2700; x_wconf 89' lang='lat' dir='ltr'>ad</span> <span class='ocrx_word' id='word_1_1260' title='bbox 2230 2669 2289 2700; x_wconf 89' lang='lat' dir='ltr'>este</span> <span class='ocrx_word' id='word_1_1261' title='bbox 2301 2669 2372 2700; x_wconf 83' lang='lat' dir='ltr'>Par-</span> 
     </span>
     <span class='ocr_line' id='line_1_160' title="bbox 1315 2716 2257 2738; baseline -0.002 0"><span class='ocrx_word' id='word_1_1262' title='bbox 1315 2717 1349 2738; x_wconf 82' lang='lat' dir='ltr'>ez</span> <span class='ocrx_word' id='word_1_1263' title='bbox 2256 2716 2257 2719; x_wconf 52' lang='lat'>¹</span> 
     </span>
     <span class='ocr_line' id='line_1_161' title="bbox 1342 2730 2371 2784; baseline 0.001 -8"><span class='ocrx_word' id='word_1_1264' title='bbox 1342 2730 1398 2777; x_wconf 62' lang='lat' dir='ltr'>fles</span> <span class='ocrx_word' id='word_1_1265' title='bbox 1418 2745 1480 2776; x_wconf 88' lang='lat' dir='ltr'>ditz</span> <span class='ocrx_word' id='word_1_1266' title='bbox 1496 2745 1640 2783; x_wconf 75' lang='lat' dir='ltr'>Meffitges</span> <span class='ocrx_word' id='word_1_1267' title='bbox 1659 2746 1790 2784; x_wconf 84' lang='lat' dir='ltr'>irroient‚</span> <span class='ocrx_word' id='word_1_1268' title='bbox 1810 2745 1932 2776; x_wconf 88' lang='lat' dir='ltr'>chescun</span> <span class='ocrx_word' id='word_1_1269' title='bbox 1946 2745 1983 2776; x_wconf 89' lang='lat' dir='ltr'>de</span> <span class='ocrx_word' id='word_1_1270' title='bbox 1998 2745 2048 2776; x_wconf 89' lang='lat' dir='ltr'>son</span> <span class='ocrx_word' id='word_1_1271' title='bbox 2065 2744 2189 2784; x_wconf 87' lang='lat' dir='ltr'>Costee,</span> <span class='ocrx_word' id='word_1_1272' title='bbox 2207 2746 2305 2776; x_wconf 85' lang='lat' dir='ltr'>devers</span> <span class='ocrx_word' id='word_1_1273' title='bbox 2319 2747 2371 2777; x_wconf 87' lang='lat' dir='ltr'>son</span> 
     </span>
     <span class='ocr_line' id='line_1_162' title="bbox 1305 2784 2373 2824; baseline 0 -9"><span class='ocrx_word' id='word_1_1274' title='bbox 1305 2784 1440 2824; x_wconf 85' lang='lat' dir='ltr'>Seignur‚</span> <span class='ocrx_word' id='word_1_1275' title='bbox 1454 2786 1487 2816; x_wconf 90' lang='lat'>&amp;</span> <span class='ocrx_word' id='word_1_1276' title='bbox 1502 2794 1558 2823; x_wconf 86' lang='lat' dir='ltr'>que</span> <span class='ocrx_word' id='word_1_1277' title='bbox 1574 2784 1693 2814; x_wconf 73' lang='lat' dir='ltr'>mesmes</span> <span class='ocrx_word' id='word_1_1278' title='bbox 1707 2785 1745 2815; x_wconf 92' lang='lat' dir='ltr'>les</span> <span class='ocrx_word' id='word_1_1279' title='bbox 1760 2784 1918 2822; x_wconf 80' lang='lat' dir='ltr'>MeffageS,</span> <span class='ocrx_word' id='word_1_1280' title='bbox 1933 2794 1973 2814; x_wconf 91' lang='lat' dir='ltr'>ou</span> <span class='ocrx_word' id='word_1_1281' title='bbox 1986 2792 2092 2822; x_wconf 74' lang='lat' dir='ltr'>autre5‚</span> <span class='ocrx_word' id='word_1_1282' title='bbox 2108 2786 2183 2814; x_wconf 85' lang='lat' dir='ltr'>tieux</span> <span class='ocrx_word' id='word_1_1283' title='bbox 2198 2794 2284 2815; x_wconf 91' lang='lat' dir='ltr'>come</span> <span class='ocrx_word' id='word_1_1284' title='bbox 2297 2785 2373 2823; x_wconf 78' lang='lat' dir='ltr'>pler-</span> 
     </span>
     <span class='ocr_line' id='line_1_163' title="bbox 1307 2822 2376 2864; baseline 0 -10"><span class='ocrx_word' id='word_1_1285' title='bbox 1307 2834 1336 2854; x_wconf 83' lang='lat' dir='ltr'>ra</span> <span class='ocrx_word' id='word_1_1286' title='bbox 1354 2835 1370 2854; x_wconf 90' lang='lat' dir='ltr'>a</span> <span class='ocrx_word' id='word_1_1287' title='bbox 1392 2823 1479 2854; x_wconf 88' lang='lat' dir='ltr'>Nous</span> <span class='ocrx_word' id='word_1_1288' title='bbox 1501 2824 1534 2854; x_wconf 90' lang='lat'>&amp;</span> <span class='ocrx_word' id='word_1_1289' title='bbox 1554 2822 1649 2854; x_wconf 86' lang='lat' dir='ltr'>nostre</span> <span class='ocrx_word' id='word_1_1290' title='bbox 1669 2823 1710 2853; x_wconf 83' lang='lat' dir='ltr'>dit</span> <span class='ocrx_word' id='word_1_1291' title='bbox 1722 2823 1903 2859; x_wconf 79' lang='lat' dir='ltr'>Adversaire,</span> <span class='ocrx_word' id='word_1_1292' title='bbox 1923 2822 2093 2864; x_wconf 72' lang='lat' dir='ltr'>revendront</span> <span class='ocrx_word' id='word_1_1293' title='bbox 2110 2847 2119 2859; x_wconf 82' lang='lat'>,</span> <span class='ocrx_word' id='word_1_1294' title='bbox 2145 2823 2171 2852; x_wconf 86' lang='lat' dir='ltr'>le</span> <span class='ocrx_word' id='word_1_1295' title='bbox 2183 2825 2286 2860; x_wconf 83' lang='lat' dir='ltr'>primer</span> <span class='ocrx_word' id='word_1_1296' title='bbox 2299 2834 2376 2862; x_wconf 84' lang='lat' dir='ltr'>jour·</span> 
     </span>
     <span class='ocr_line' id='line_1_164' title="bbox 1306 2860 2375 2901; baseline 0 -8"><span class='ocrx_word' id='word_1_1297' title='bbox 1306 2862 1343 2893; x_wconf 88' lang='lat' dir='ltr'>de</span> <span class='ocrx_word' id='word_1_1298' title='bbox 1361 2861 1456 2901; x_wconf 88' lang='lat' dir='ltr'>Juyn,</span> <span class='ocrx_word' id='word_1_1299' title='bbox 1472 2862 1620 2900; x_wconf 87' lang='lat' dir='ltr'>proschein</span> <span class='ocrx_word' id='word_1_1300' title='bbox 1640 2870 1744 2892; x_wconf 88' lang='lat' dir='ltr'>venant</span> <span class='ocrx_word' id='word_1_1301' title='bbox 1759 2884 1768 2899; x_wconf 86' lang='lat'>,</span> <span class='ocrx_word' id='word_1_1302' title='bbox 1795 2871 1846 2899; x_wconf 89' lang='lat' dir='ltr'>pur</span> <span class='ocrx_word' id='word_1_1303' title='bbox 1864 2860 1936 2890; x_wconf 83' lang='lat' dir='ltr'>estre</span> <span class='ocrx_word' id='word_1_1304' title='bbox 1952 2860 2118 2891; x_wconf 88' lang='lat' dir='ltr'>Aslemblez</span> <span class='ocrx_word' id='word_1_1305' title='bbox 2132 2861 2169 2891; x_wconf 89' lang='lat' dir='ltr'>les</span> <span class='ocrx_word' id='word_1_1306' title='bbox 2182 2872 2232 2891; x_wconf 82' lang='lat' dir='ltr'>uns</span> <span class='ocrx_word' id='word_1_1307' title='bbox 2247 2863 2375 2900; x_wconf 83' lang='lat' dir='ltr'>ovesque</span> 
     </span>
     <span class='ocr_line' id='line_1_165' title="bbox 1307 2898 2375 2938; baseline -0.001 -6"><span class='ocrx_word' id='word_1_1308' title='bbox 1307 2901 1345 2932; x_wconf 90' lang='lat' dir='ltr'>les</span> <span class='ocrx_word' id='word_1_1309' title='bbox 1360 2909 1468 2938; x_wconf 80' lang='lat' dir='ltr'>autreS,</span> <span class='ocrx_word' id='word_1_1310' title='bbox 1485 2901 1518 2931; x_wconf 69' lang='grc' dir='ltr'>ὃς</span> <span class='ocrx_word' id='word_1_1311' title='bbox 1534 2910 1586 2937; x_wconf 86' lang='lat' dir='ltr'>pur</span> <span class='ocrx_word' id='word_1_1312' title='bbox 1601 2909 1728 2938; x_wconf 83' lang='lat' dir='ltr'>reporter</span> <span class='ocrx_word' id='word_1_1313' title='bbox 1742 2899 1776 2930; x_wconf 76' lang='grc' dir='ltr'>ὅ(</span> <span class='ocrx_word' id='word_1_1314' title='bbox 1788 2900 1850 2929; x_wconf 81' lang='lat' dir='ltr'>dire</span> <span class='ocrx_word' id='word_1_1315' title='bbox 1863 2898 2041 2929; x_wconf 86' lang='lat' dir='ltr'>l’Entention</span> <span class='ocrx_word' id='word_1_1316' title='bbox 2055 2900 2093 2930; x_wconf 85' lang='lat' dir='ltr'>de</span> <span class='ocrx_word' id='word_1_1317' title='bbox 2106 2899 2194 2930; x_wconf 90' lang='lat' dir='ltr'>Nous</span> <span class='ocrx_word' id='word_1_1318' title='bbox 2209 2901 2242 2930; x_wconf 92' lang='lat'>&amp;</span> <span class='ocrx_word' id='word_1_1319' title='bbox 2255 2900 2291 2931; x_wconf 91' lang='lat' dir='ltr'>de</span> <span class='ocrx_word' id='word_1_1320' title='bbox 2304 2910 2375 2931; x_wconf 83' lang='lat' dir='ltr'>nos-</span> 
     </span>
     <span class='ocr_line' id='line_1_166' title="bbox 1310 2939 1601 2976; baseline -0.014 -5"><span class='ocrx_word' id='word_1_1321' title='bbox 1310 2949 1352 2971; x_wconf 88' lang='lat' dir='ltr'>tre</span> <span class='ocrx_word' id='word_1_1322' title='bbox 1366 2939 1407 2971; x_wconf 83' lang='lat' dir='ltr'>dit</span> <span class='ocrx_word' id='word_1_1323' title='bbox 1423 2939 1583 2969; x_wconf 83' lang='lat' dir='ltr'>Adversaire</span> <span class='ocrx_word' id='word_1_1324' title='bbox 1591 2961 1601 2976; x_wconf 90' lang='lat'>,</span> 
     </span>
     <span class='ocr_line' id='line_1_167' title="bbox 1344 2976 2375 3017; baseline 0 -8"><span class='ocrx_word' id='word_1_1325' title='bbox 1344 2978 1383 3009; x_wconf 88' lang='lat' dir='ltr'>Et</span> <span class='ocrx_word' id='word_1_1326' title='bbox 1405 2987 1461 3017; x_wconf 90' lang='lat' dir='ltr'>que</span> <span class='ocrx_word' id='word_1_1327' title='bbox 1474 2977 1512 3008; x_wconf 84' lang='lat' dir='ltr'>les</span> <span class='ocrx_word' id='word_1_1328' title='bbox 1535 2977 1595 3007; x_wconf 88' lang='lat' dir='ltr'>ditz</span> <span class='ocrx_word' id='word_1_1329' title='bbox 1612 2976 1771 3015; x_wconf 83' lang='lat' dir='ltr'>Messages,</span> <span class='ocrx_word' id='word_1_1330' title='bbox 1790 2976 1912 3007; x_wconf 88' lang='lat' dir='ltr'>chescun</span> <span class='ocrx_word' id='word_1_1331' title='bbox 1925 2986 2026 3007; x_wconf 86' lang='lat' dir='ltr'>envers</span> <span class='ocrx_word' id='word_1_1332' title='bbox 2040 2976 2092 3007; x_wconf 89' lang='lat' dir='ltr'>son</span> <span class='ocrx_word' id='word_1_1333' title='bbox 2105 2977 2245 3016; x_wconf 86' lang='lat' dir='ltr'>Seignur‚</span> <span class='ocrx_word' id='word_1_1334' title='bbox 2263 2978 2375 3010; x_wconf 84' lang='lat' dir='ltr'>ferrent</span> 
     </span>
     <span class='ocr_line' id='line_1_168' title="bbox 1309 3014 2377 3055; baseline -0.001 -7"><span class='ocrx_word' id='word_1_1335' title='bbox 1309 3018 1336 3048; x_wconf 90' lang='lat' dir='ltr'>le</span> <span class='ocrx_word' id='word_1_1336' title='bbox 1351 3018 1457 3047; x_wconf 87' lang='lat' dir='ltr'>mieulz</span> <span class='ocrx_word' id='word_1_1337' title='bbox 1471 3016 1529 3055; x_wconf 85' lang='lat' dir='ltr'>q&#39;ils</span> <span class='ocrx_word' id='word_1_1338' title='bbox 1542 3025 1661 3053; x_wconf 86' lang='lat' dir='ltr'>purront</span> <span class='ocrx_word' id='word_1_1339' title='bbox 1673 3023 1726 3055; x_wconf 82' lang='lat' dir='ltr'>pur</span> <span class='ocrx_word' id='word_1_1340' title='bbox 1741 3016 1769 3046; x_wconf 85' lang='lat' dir='ltr'>le</span> <span class='ocrx_word' id='word_1_1341' title='bbox 1779 3016 1846 3045; x_wconf 86' lang='lat' dir='ltr'>bien</span> <span class='ocrx_word' id='word_1_1342' title='bbox 1858 3014 1894 3046; x_wconf 87' lang='lat' dir='ltr'>de</span> <span class='ocrx_word' id='word_1_1343' title='bbox 1908 3015 1934 3046; x_wconf 89' lang='lat' dir='ltr'>la</span> <span class='ocrx_word' id='word_1_1344' title='bbox 1946 3015 2087 3054; x_wconf 87' lang='lat' dir='ltr'>Busoigne</span> <span class='ocrx_word' id='word_1_1345' title='bbox 2105 3039 2116 3054; x_wconf 84' lang='lat'>,</span> <span class='ocrx_word' id='word_1_1346' title='bbox 2134 3016 2190 3047; x_wconf 82' lang='lat' dir='ltr'>ensi</span> <span class='ocrx_word' id='word_1_1347' title='bbox 2205 3026 2293 3047; x_wconf 88' lang='lat' dir='ltr'>come</span> <span class='ocrx_word' id='word_1_1348' title='bbox 2307 3027 2377 3055; x_wconf 88' lang='lat' dir='ltr'>pro-</span> 
     </span>
     <span class='ocr_line' id='line_1_169' title="bbox 1311 3057 1473 3092; baseline -0.006 -5"><span class='ocrx_word' id='word_1_1349' title='bbox 1311 3067 1341 3087; x_wconf 86' lang='lat' dir='ltr'>m</span> <span class='ocrx_word' id='word_1_1350' title='bbox 1361 3067 1373 3086; x_wconf 94' lang='lat' dir='ltr'>s</span> <span class='ocrx_word' id='word_1_1351' title='bbox 1387 3057 1473 3092; x_wconf 76' lang='lat' dir='ltr'>l’ont,</span> 
     </span>
     <span class='ocr_line' id='line_1_170' title="bbox 1374 3091 2375 3133; baseline -0.002 -8"><span class='ocrx_word' id='word_1_1352' title='bbox 1374 3103 1385 3125; x_wconf 91' lang='lat' dir='ltr'>t</span> <span class='ocrx_word' id='word_1_1353' title='bbox 1399 3093 1575 3133; x_wconf 87' lang='lat' dir='ltr'>queGrantz</span> <span class='ocrx_word' id='word_1_1354' title='bbox 1587 3092 1737 3132; x_wconf 85' lang='lat' dir='ltr'>Seigneurs</span> <span class='ocrx_word' id='word_1_1355' title='bbox 1752 3092 1784 3122; x_wconf 90' lang='lat'>&amp;</span> <span class='ocrx_word' id='word_1_1356' title='bbox 1798 3091 1941 3122; x_wconf 79' lang='lat' dir='ltr'>Notables</span> <span class='ocrx_word' id='word_1_1357' title='bbox 1949 3114 1959 3130; x_wconf 92' lang='lat'>,</span> <span class='ocrx_word' id='word_1_1358' title='bbox 1976 3091 2013 3122; x_wconf 87' lang='lat' dir='ltr'>de</span> <span class='ocrx_word' id='word_1_1359' title='bbox 2025 3091 2083 3122; x_wconf 88' lang='lat' dir='ltr'>l&#39;un</span> <span class='ocrx_word' id='word_1_1360' title='bbox 2098 3093 2132 3124; x_wconf 90' lang='lat'>&amp;</span> <span class='ocrx_word' id='word_1_1361' title='bbox 2146 3092 2183 3122; x_wconf 90' lang='lat' dir='ltr'>de</span> <span class='ocrx_word' id='word_1_1362' title='bbox 2196 3093 2375 3129; x_wconf 82' lang='lat' dir='ltr'>l’autre,vei-</span> 
     </span>
     <span class='ocr_line' id='line_1_171' title="bbox 1330 3130 2495 3170; baseline -0.002 -6"><span class='ocrx_word' id='word_1_1363' title='bbox 1330 3141 1398 3164; x_wconf 87' lang='lat' dir='ltr'>nent</span> <span class='ocrx_word' id='word_1_1364' title='bbox 1414 3144 1430 3164; x_wconf 87' lang='lat' dir='ltr'>a</span> <span class='ocrx_word' id='word_1_1365' title='bbox 1447 3133 1488 3162; x_wconf 89' lang='lat' dir='ltr'>dit</span> <span class='ocrx_word' id='word_1_1366' title='bbox 1507 3132 1612 3169; x_wconf 85' lang='lat' dir='ltr'>primer</span> <span class='ocrx_word' id='word_1_1367' title='bbox 1623 3132 1689 3170; x_wconf 87' lang='lat' dir='ltr'>jour</span> <span class='ocrx_word' id='word_1_1368' title='bbox 1707 3130 1745 3160; x_wconf 87' lang='lat' dir='ltr'>de</span> <span class='ocrx_word' id='word_1_1369' title='bbox 1755 3130 1850 3168; x_wconf 88' lang='lat' dir='ltr'>Juyn,</span> <span class='ocrx_word' id='word_1_1370' title='bbox 1867 3140 1920 3167; x_wconf 83' lang='lat' dir='ltr'>pur</span> <span class='ocrx_word' id='word_1_1371' title='bbox 1934 3132 2004 3168; x_wconf 82' lang='lat' dir='ltr'>pluis</span> <span class='ocrx_word' id='word_1_1372' title='bbox 2018 3131 2075 3161; x_wconf 92' lang='lat' dir='ltr'>tost</span> <span class='ocrx_word' id='word_1_1373' title='bbox 2088 3133 2168 3161; x_wconf 90' lang='lat' dir='ltr'>venir</span> <span class='ocrx_word' id='word_1_1374' title='bbox 2181 3131 2199 3151; x_wconf 52' lang='grc' dir='ltr'>θ*</span> <span class='ocrx_word' id='word_1_1375' title='bbox 2217 3133 2262 3167; x_wconf 90' lang='lat' dir='ltr'>(au</span> <span class='ocrx_word' id='word_1_1376' title='bbox 2279 3131 2374 3162; x_wconf 89' lang='lat' dir='ltr'>Pleifir</span> <span class='ocrx_word' id='word_1_1377' title='bbox 2394 3131 2409 3148; x_wconf 65' lang='lat'>³*</span> <span class='ocrx_word' id='word_1_1378' title='bbox 2422 3131 2495 3160; x_wconf 77' lang='lat' dir='ltr'>VII-</span> 
     </span>
     <span class='ocr_line' id='line_1_172' title="bbox 1310 3142 2462 3208; baseline -0.004 -4"><span class='ocrx_word' id='word_1_1379' title='bbox 1310 3142 1347 3204; x_wconf 54' lang='lat' dir='ltr'>{e</span> <span class='ocrx_word' id='word_1_1380' title='bbox 1357 3172 1454 3203; x_wconf 90' lang='lat' dir='ltr'>nostre</span> <span class='ocrx_word' id='word_1_1381' title='bbox 1468 3170 1615 3208; x_wconf 82' lang='lat' dir='ltr'>Seigneur)</span> <span class='ocrx_word' id='word_1_1382' title='bbox 1630 3180 1645 3200; x_wconf 86' lang='lat' dir='ltr'>a</span> <span class='ocrx_word' id='word_1_1383' title='bbox 1661 3170 1722 3200; x_wconf 89' lang='lat' dir='ltr'>bon</span> <span class='ocrx_word' id='word_1_1384' title='bbox 1737 3168 1916 3199; x_wconf 82' lang='lat' dir='ltr'>Conclufion</span> <span class='ocrx_word' id='word_1_1385' title='bbox 1927 3169 1976 3200; x_wconf 87' lang='lat' dir='ltr'>des</span> <span class='ocrx_word' id='word_1_1386' title='bbox 1990 3168 2100 3200; x_wconf 87' lang='lat' dir='ltr'>Choses</span> <span class='ocrx_word' id='word_1_1387' title='bbox 2111 3170 2283 3208; x_wconf 81' lang='lat' dir='ltr'>desuisdioes,</span> <span class='ocrx_word' id='word_1_1388' title='bbox 2373 3194 2377 3200; x_wconf 89' lang='grc'><em>,</em></span> <span class='ocrx_word' id='word_1_1389' title='bbox 2397 3169 2462 3207; x_wconf 82' lang='lat'>348-</span> 
     </span>
     <span class='ocr_line' id='line_1_173' title="bbox 1350 3207 2376 3247; baseline -0.001 -6"><span class='ocrx_word' id='word_1_1390' title='bbox 1350 3211 1468 3242; x_wconf 89' lang='lat' dir='ltr'>Sicome</span> <span class='ocrx_word' id='word_1_1391' title='bbox 1484 3219 1532 3246; x_wconf 85' lang='lat' dir='ltr'>par</span> <span class='ocrx_word' id='word_1_1392' title='bbox 1554 3209 1691 3238; x_wconf 88' lang='lat' dir='ltr'>certeines</span> <span class='ocrx_word' id='word_1_1393' title='bbox 1713 3207 1823 3238; x_wconf 88' lang='lat' dir='ltr'>Lettres</span> <span class='ocrx_word' id='word_1_1394' title='bbox 1839 3230 1848 3245; x_wconf 92' lang='lat'>,</span> <span class='ocrx_word' id='word_1_1395' title='bbox 1871 3216 1918 3237; x_wconf 89' lang='lat' dir='ltr'>ent</span> <span class='ocrx_word' id='word_1_1396' title='bbox 1942 3208 2011 3238; x_wconf 80' lang='lat' dir='ltr'>faitz</span> <span class='ocrx_word' id='word_1_1397' title='bbox 2024 3231 2034 3247; x_wconf 86' lang='lat'>,</span> <span class='ocrx_word' id='word_1_1398' title='bbox 2061 3210 2094 3239; x_wconf 87' lang='lat'>&amp;</span> <span class='ocrx_word' id='word_1_1399' title='bbox 2115 3209 2248 3238; x_wconf 80' lang='lat' dir='ltr'>enseallez</span> <span class='ocrx_word' id='word_1_1400' title='bbox 2266 3209 2376 3240; x_wconf 86' lang='lat' dir='ltr'>souzle</span> 
     </span>
     <span class='ocr_line' id='line_1_174' title="bbox 1313 3246 2376 3288; baseline -0.002 -7"><span class='ocrx_word' id='word_1_1401' title='bbox 1313 3250 1378 3281; x_wconf 88' lang='lat' dir='ltr'>Seal</span> <span class='ocrx_word' id='word_1_1402' title='bbox 1389 3249 1425 3279; x_wconf 91' lang='lat' dir='ltr'>de</span> <span class='ocrx_word' id='word_1_1403' title='bbox 1436 3248 1624 3288; x_wconf 81' lang='lat' dir='ltr'>l&#39;Ercevesque</span> <span class='ocrx_word' id='word_1_1404' title='bbox 1637 3247 1668 3276; x_wconf 86' lang='lat' dir='ltr'>de</span> <span class='ocrx_word' id='word_1_1405' title='bbox 1681 3248 1794 3284; x_wconf 78' lang='lat' dir='ltr'>Rouan,</span> <span class='ocrx_word' id='word_1_1406' title='bbox 1814 3246 1980 3278; x_wconf 88' lang='lat' dir='ltr'>Mediatour</span> <span class='ocrx_word' id='word_1_1407' title='bbox 1994 3248 2037 3277; x_wconf 92' lang='lat' dir='ltr'>sur</span> <span class='ocrx_word' id='word_1_1408' title='bbox 2052 3247 2078 3276; x_wconf 91' lang='lat' dir='ltr'>le</span> <span class='ocrx_word' id='word_1_1409' title='bbox 2087 3246 2128 3277; x_wconf 87' lang='lat' dir='ltr'>dit</span> <span class='ocrx_word' id='word_1_1410' title='bbox 2141 3247 2247 3277; x_wconf 90' lang='lat' dir='ltr'>Tretee</span> <span class='ocrx_word' id='word_1_1411' title='bbox 2258 3269 2269 3285; x_wconf 84' lang='lat'>,</span> <span class='ocrx_word' id='word_1_1412' title='bbox 2286 3246 2376 3279; x_wconf 90' lang='lat' dir='ltr'>Nous</span> 
     </span>
     <span class='ocr_line' id='line_1_175' title="bbox 1314 3285 2378 3326; baseline -0.006 -6"><span class='ocrx_word' id='word_1_1413' title='bbox 1314 3289 1356 3320; x_wconf 89' lang='lat' dir='ltr'>est</span> <span class='ocrx_word' id='word_1_1414' title='bbox 1370 3295 1495 3326; x_wconf 78' lang='lat' dir='ltr'>apparuz</span> <span class='ocrx_word' id='word_1_1415' title='bbox 1507 3286 1578 3323; x_wconf 86' lang='lat' dir='ltr'>pluis</span> <span class='ocrx_word' id='word_1_1416' title='bbox 1591 3295 1625 3315; x_wconf 89' lang='lat' dir='ltr'>au</span> <span class='ocrx_word' id='word_1_1417' title='bbox 1640 3285 1733 3324; x_wconf 82' lang='lat' dir='ltr'>plein,</span> <span class='ocrx_word' id='word_1_1418' title='bbox 2374 3300 2378 3301; x_wconf 31' lang='grc' dir='ltr'><em>ν</em></span> 
     </span>
     <span class='ocr_line' id='line_1_176' title="bbox 1349 3322 2376 3362; baseline -0.003 -4"><span class='ocrx_word' id='word_1_1419' title='bbox 1349 3327 1459 3358; x_wconf 85' lang='lat' dir='ltr'>Sachez</span> <span class='ocrx_word' id='word_1_1420' title='bbox 1479 3334 1567 3362; x_wconf 82' lang='lat' dir='ltr'>nous,</span> <span class='ocrx_word' id='word_1_1421' title='bbox 1590 3334 1606 3354; x_wconf 95' lang='lat' dir='ltr'>a</span> <span class='ocrx_word' id='word_1_1422' title='bbox 1618 3324 1643 3354; x_wconf 88' lang='lat' dir='ltr'>la</span> <span class='ocrx_word' id='word_1_1423' title='bbox 1659 3325 1828 3354; x_wconf 80' lang='lat' dir='ltr'>Reverence</span> <span class='ocrx_word' id='word_1_1424' title='bbox 1840 3322 1876 3353; x_wconf 90' lang='lat' dir='ltr'>de</span> <span class='ocrx_word' id='word_1_1425' title='bbox 1890 3323 2002 3361; x_wconf 73' lang='lat' dir='ltr'>Dieux,</span> <span class='ocrx_word' id='word_1_1426' title='bbox 2021 3323 2054 3353; x_wconf 90' lang='lat'>&amp;</span> <span class='ocrx_word' id='word_1_1427' title='bbox 2067 3333 2102 3353; x_wconf 86' lang='lat' dir='ltr'>au</span> <span class='ocrx_word' id='word_1_1428' title='bbox 2116 3323 2162 3362; x_wconf 88' lang='lat' dir='ltr'>fyn</span> <span class='ocrx_word' id='word_1_1429' title='bbox 2176 3332 2232 3361; x_wconf 90' lang='lat' dir='ltr'>que</span> <span class='ocrx_word' id='word_1_1430' title='bbox 2249 3322 2376 3355; x_wconf 85' lang='lat' dir='ltr'>Defaute</span> 
     </span>
     <span class='ocr_line' id='line_1_177' title="bbox 1314 3361 2377 3400; baseline -0.005 -3"><span class='ocrx_word' id='word_1_1431' title='bbox 1314 3377 1352 3397; x_wconf 86' lang='lat' dir='ltr'>ne</span> <span class='ocrx_word' id='word_1_1432' title='bbox 1364 3366 1413 3396; x_wconf 88' lang='lat' dir='ltr'>soit</span> <span class='ocrx_word' id='word_1_1433' title='bbox 1426 3373 1524 3394; x_wconf 87' lang='lat' dir='ltr'>trovee</span> <span class='ocrx_word' id='word_1_1434' title='bbox 1536 3363 1574 3394; x_wconf 90' lang='lat' dir='ltr'>de</span> <span class='ocrx_word' id='word_1_1435' title='bbox 1587 3362 1683 3392; x_wconf 90' lang='lat' dir='ltr'>nostre</span> <span class='ocrx_word' id='word_1_1436' title='bbox 1699 3362 1783 3400; x_wconf 81' lang='lat' dir='ltr'>Part,</span> <span class='ocrx_word' id='word_1_1437' title='bbox 1801 3361 1873 3393; x_wconf 90' lang='lat' dir='ltr'>estre</span> <span class='ocrx_word' id='word_1_1438' title='bbox 1886 3363 2010 3392; x_wconf 81' lang='lat' dir='ltr'>acordez</span> <span class='ocrx_word' id='word_1_1439' title='bbox 2023 3361 2195 3400; x_wconf 83' lang='lat' dir='ltr'>d&#39;Envoier,</span> <span class='ocrx_word' id='word_1_1440' title='bbox 2213 3372 2248 3392; x_wconf 89' lang='lat' dir='ltr'>au</span> <span class='ocrx_word' id='word_1_1441' title='bbox 2263 3362 2302 3392; x_wconf 87' lang='lat' dir='ltr'>dit</span> <span class='ocrx_word' id='word_1_1442' title='bbox 2319 3364 2377 3400; x_wconf 78' lang='lat' dir='ltr'>pn&#39;-</span> 
     </span>
     <span class='ocr_line' id='line_1_178' title="bbox 1315 3399 2377 3480; baseline -0.004 -6"><span class='ocrx_word' id='word_1_1443' title='bbox 1315 3402 1611 3480; x_wconf 48' lang='lat' dir='ltr'>gegcligu3023njtgg</span> <span class='ocrx_word' id='word_1_1444' title='bbox 1619 3400 1865 3479; x_wconf 48' lang='lat' dir='ltr'>,dgogasigffages</span> <span class='ocrx_word' id='word_1_1445' title='bbox 1873 3399 2377 3471; x_wconf 44' lang='lat' dir='ltr'>§3¹357321332&#39;ess2551fflgif20fffi</span> 
     </span>
     <span class='ocr_line' id='line_1_179' title="bbox 1317 3463 2381 3516; baseline -0.004 -3"><span class='ocrx_word' id='word_1_1446' title='bbox 1317 3482 1414 3513; x_wconf 91' lang='lat' dir='ltr'>nostre</span> <span class='ocrx_word' id='word_1_1447' title='bbox 1428 3480 1527 3510; x_wconf 86' lang='lat' dir='ltr'>Uncle</span> <span class='ocrx_word' id='word_1_1448' title='bbox 1534 3478 1650 3508; x_wconf 86' lang='lat' dir='ltr'>Thomas</span> <span class='ocrx_word' id='word_1_1449' title='bbox 1665 3482 1769 3508; x_wconf 81' lang='lat' dir='ltr'>Counte</span> <span class='ocrx_word' id='word_1_1450' title='bbox 1781 3478 1813 3507; x_wconf 75' lang='lat' dir='ltr'>Ae</span> <span class='ocrx_word' id='word_1_1451' title='bbox 1826 3477 2019 3516; x_wconf 81' lang='lat' dir='ltr'>Bukyngham,</span> <span class='ocrx_word' id='word_1_1452' title='bbox 2036 3477 2133 3507; x_wconf 87' lang='lat' dir='ltr'>nostre</span> <span class='ocrx_word' id='word_1_1453' title='bbox 2147 3478 2283 3508; x_wconf 85' lang='lat' dir='ltr'>treschere</span> <span class='ocrx_word' id='word_1_1454' title='bbox 2297 3463 2381 3510; x_wconf 60' lang='lat' dir='ltr'>F&#39;rere</span> 
     </span>
     <span class='ocr_line' id='line_1_180' title="bbox 1316 3515 2381 3555; baseline -0.004 -4"><span class='ocrx_word' id='word_1_1455' title='bbox 1316 3521 1430 3551; x_wconf 78' lang='lat' dir='ltr'><em>Thomas</em></span> <span class='ocrx_word' id='word_1_1456' title='bbox 1438 3523 1539 3548; x_wconf 85' lang='lat' dir='ltr'>Counte</span> <span class='ocrx_word' id='word_1_1457' title='bbox 1546 3518 1579 3547; x_wconf 87' lang='lat' dir='ltr'>de</span> <span class='ocrx_word' id='word_1_1458' title='bbox 1593 3518 1729 3555; x_wconf 84' lang='lat' dir='ltr'>Kent,&amp;</span> <span class='ocrx_word' id='word_1_1459' title='bbox 1743 3526 1803 3547; x_wconf 85' lang='lat' dir='ltr'>noz</span> <span class='ocrx_word' id='word_1_1460' title='bbox 1820 3516 1963 3552; x_wconf 58' lang='lat' dir='ltr'>Menagee</span> <span class='ocrx_word' id='word_1_1461' title='bbox 1980 3515 2127 3553; x_wconf 86' lang='lat' dir='ltr'>q&#39;estoient</span> <span class='ocrx_word' id='word_1_1462' title='bbox 2141 3526 2175 3545; x_wconf 82' lang='lat' dir='ltr'>au</span> <span class='ocrx_word' id='word_1_1463' title='bbox 2189 3516 2381 3548; x_wconf 83' lang='lat' dir='ltr'>darrcinTre-</span> 
     </span>
     <span class='ocr_line' id='line_1_181' title="bbox 1316 3554 2383 3594; baseline -0.008 -3"><span class='ocrx_word' id='word_1_1464' title='bbox 1316 3568 1361 3591; x_wconf 86' lang='lat' dir='ltr'>tee</span> <span class='ocrx_word' id='word_1_1465' title='bbox 1377 3557 1533 3593; x_wconf 76' lang='lat' dir='ltr'>avantdite3</span> <span class='ocrx_word' id='word_1_1466' title='bbox 1552 3566 1601 3594; x_wconf 84' lang='lat' dir='ltr'>par</span> <span class='ocrx_word' id='word_1_1467' title='bbox 1620 3556 1677 3586; x_wconf 83' lang='lat' dir='ltr'>ensi</span> <span class='ocrx_word' id='word_1_1468' title='bbox 1701 3565 1756 3594; x_wconf 93' lang='lat' dir='ltr'>que</span> <span class='ocrx_word' id='word_1_1469' title='bbox 1769 3554 1864 3586; x_wconf 86' lang='lat' dir='ltr'>nostre</span> <span class='ocrx_word' id='word_1_1470' title='bbox 1883 3554 1925 3585; x_wconf 86' lang='lat' dir='ltr'>dit</span> <span class='ocrx_word' id='word_1_1471' title='bbox 1940 3554 2106 3584; x_wconf 86' lang='lat' dir='ltr'>Adversaire</span> <span class='ocrx_word' id='word_1_1472' title='bbox 2126 3554 2187 3584; x_wconf 87' lang='lat' dir='ltr'>face</span> <span class='ocrx_word' id='word_1_1473' title='bbox 2201 3555 2383 3586; x_wconf 50' lang='lat' dir='ltr'>semblable*</span> 
     </span>
     <span class='ocr_line' id='line_1_182' title="bbox 1368 3594 1601 3627; baseline -0.017 0"><span class='ocrx_word' id='word_1_1474' title='bbox 1368 3608 1386 3627; x_wconf 91' lang='lat' dir='ltr'>n</span> <span class='ocrx_word' id='word_1_1475' title='bbox 1413 3596 1448 3625; x_wconf 91' lang='lat' dir='ltr'>de</span> <span class='ocrx_word' id='word_1_1476' title='bbox 1462 3594 1487 3625; x_wconf 89' lang='lat' dir='ltr'>sa</span> <span class='ocrx_word' id='word_1_1477' title='bbox 1499 3595 1601 3624; x_wconf 86' lang='lat' dir='ltr'>Partie.</span> 
     </span>
     <span class='ocr_line' id='line_1_183' title="bbox 1319 3606 2383 3673; baseline -0.003 -7"><span class='ocrx_word' id='word_1_1478' title='bbox 1319 3606 1438 3667; x_wconf 41' lang='lat' dir='ltr'>mbtm.</span> <span class='ocrx_word' id='word_1_1479' title='bbox 1456 3643 1502 3673; x_wconf 89' lang='lat' dir='ltr'>par</span> <span class='ocrx_word' id='word_1_1480' title='bbox 1518 3632 1751 3669; x_wconf 86' lang='lat' dir='ltr'>Tesmoignance</span> <span class='ocrx_word' id='word_1_1481' title='bbox 1763 3630 1799 3662; x_wconf 93' lang='lat' dir='ltr'>de</span> <span class='ocrx_word' id='word_1_1482' title='bbox 1813 3631 1910 3662; x_wconf 89' lang='lat' dir='ltr'>nostre</span> <span class='ocrx_word' id='word_1_1483' title='bbox 1923 3630 2018 3661; x_wconf 85' lang='lat' dir='ltr'>Grant</span> <span class='ocrx_word' id='word_1_1484' title='bbox 2031 3631 2131 3669; x_wconf 71' lang='lat' dir='ltr'>Seal,a</span> <span class='ocrx_word' id='word_1_1485' title='bbox 2146 3631 2242 3662; x_wconf 87' lang='lat' dir='ltr'>nostre</span> <span class='ocrx_word' id='word_1_1486' title='bbox 2258 3631 2383 3663; x_wconf 84' lang='lat' dir='ltr'>Chasten</span> 
     </span>
     <span class='ocr_line' id='line_1_184' title="bbox 1321 3670 1962 3713; baseline -0.012 -6"><span class='ocrx_word' id='word_1_1487' title='bbox 1321 3675 1358 3708; x_wconf 83' lang='lat' dir='ltr'>de</span> <span class='ocrx_word' id='word_1_1488' title='bbox 1370 3671 1566 3713; x_wconf 78' lang='lat' dir='ltr'>wyndesore‚</span> <span class='ocrx_word' id='word_1_1489' title='bbox 1583 3671 1610 3701; x_wconf 85' lang='lat' dir='ltr'>le</span> <span class='ocrx_word' id='word_1_1490' title='bbox 1621 3672 1712 3702; x_wconf 79' lang='lat' dir='ltr'>Tierz</span> <span class='ocrx_word' id='word_1_1491' title='bbox 1719 3672 1786 3709; x_wconf 86' lang='lat' dir='ltr'>jour</span> <span class='ocrx_word' id='word_1_1492' title='bbox 1799 3670 1835 3700; x_wconf 89' lang='lat' dir='ltr'>de</span> <span class='ocrx_word' id='word_1_1493' title='bbox 1849 3670 1962 3700; x_wconf 86' lang='lat' dir='ltr'>Marcz.</span> 
     </span>
    </p>
   </div>
   <div class='ocr_carea' id='block_1_22' title="bbox 1878 3706 2281 3748">
    <p class='ocr_par' dir='ltr' id='par_1_40' title="bbox 1878 3706 2281 3748">
     <span class='ocr_line' id='line_1_185' title="bbox 1878 3706 2281 3748; baseline 0.005 -11"><span class='ocrx_word' id='word_1_1494' title='bbox 1878 3709 1937 3737; x_wconf 86' lang='lat' dir='ltr'>Par</span> <span class='ocrx_word' id='word_1_1495' title='bbox 1951 3707 1976 3738; x_wconf 88' lang='lat' dir='ltr'>le</span> <span class='ocrx_word' id='word_1_1496' title='bbox 1989 3710 2044 3748; x_wconf 81' lang='lat' dir='ltr'>Roy</span> <span class='ocrx_word' id='word_1_1497' title='bbox 2057 3706 2096 3743; x_wconf 66' lang='grc' dir='ltr'>ὠ·</span> <span class='ocrx_word' id='word_1_1498' title='bbox 2104 3706 2158 3747; x_wconf 73' lang='lat' dir='ltr'>an</span> <span class='ocrx_word' id='word_1_1499' title='bbox 2171 3708 2281 3747; x_wconf 72' lang='lat' dir='ltr'>Confi’il.</span> 
     </span>
    </p>
   </div>
   <div class='ocr_carea' id='block_1_23' title="bbox 1324 3838 2387 3889">
    <p class='ocr_par' dir='ltr' id='par_1_41' title="bbox 1324 3838 2387 3889">
     <span class='ocr_line' id='line_1_186' title="bbox 1324 3838 2387 3889; baseline -0.001 -9"><span class='ocrx_word' id='word_1_1500' title='bbox 1324 3845 1374 3880; x_wconf 81' lang='lat' dir='ltr'>De</span> <span class='ocrx_word' id='word_1_1501' title='bbox 1392 3839 1576 3889; x_wconf 76' lang='lat' dir='ltr'>Sumptubus</span> <span class='ocrx_word' id='word_1_1502' title='bbox 1595 3864 1604 3880; x_wconf 90' lang='lat'>‚</span> <span class='ocrx_word' id='word_1_1503' title='bbox 1630 3845 1662 3875; x_wconf 79' lang='lat' dir='ltr'>in</span> <span class='ocrx_word' id='word_1_1504' title='bbox 1678 3843 1825 3876; x_wconf 67' lang='lat' dir='ltr'>Dm‘Zione</span> <span class='ocrx_word' id='word_1_1505' title='bbox 1845 3843 1976 3889; x_wconf 66' lang='lat' dir='ltr'>Regitur,</span> <span class='ocrx_word' id='word_1_1506' title='bbox 2001 3853 2021 3875; x_wconf 82' lang='lat' dir='ltr'><em>a</em></span> <span class='ocrx_word' id='word_1_1507' title='bbox 2034 3838 2175 3888; x_wconf 78' lang='lat' dir='ltr'>partibus</span> <span class='ocrx_word' id='word_1_1508' title='bbox 2190 3844 2387 3879; x_wconf 80' lang='lat' dir='ltr'>Alemanniae.</span> 
     </span>
    </p>
   </div>
   <div class='ocr_carea' id='block_1_24' title="bbox 1327 3889 2539 4004">
    <p class='ocr_par' dir='ltr' id='par_1_42' title="bbox 1327 3889 2539 4004">
     <span class='ocr_line' id='line_1_187' title="bbox 1327 3889 2539 3985; baseline -0.002 -26"><span class='ocrx_word' id='word_1_1509' title='bbox 1327 3927 1419 3985; x_wconf 81' lang='lat' dir='ltr'>RE</span> <span class='ocrx_word' id='word_1_1510' title='bbox 1429 3926 1473 3972; x_wconf 26' lang='lat' dir='ltr'>X·</span> <span class='ocrx_word' id='word_1_1511' title='bbox 1485 3925 1649 3971; x_wconf 73' lang='lat' dir='ltr'>Omnibus,</span> <span class='ocrx_word' id='word_1_1512' title='bbox 1663 3926 1697 3957; x_wconf 86' lang='lat' dir='ltr'>ad</span> <span class='ocrx_word' id='word_1_1513' title='bbox 1712 3937 1802 3966; x_wconf 82' lang='lat' dir='ltr'>quos,</span> <span class='ocrx_word' id='word_1_1514' title='bbox 1819 3928 1880 3958; x_wconf 70' lang='grc' dir='ltr'>διε.</span> <span class='ocrx_word' id='word_1_1515' title='bbox 1896 3927 2032 3958; x_wconf 78' lang='lat' dir='ltr'>Salutem.</span> <span class='ocrx_word' id='word_1_1516' title='bbox 2378 3962 2381 3966; x_wconf 33' lang='lat'>¹</span> <span class='ocrx_word' id='word_1_1517' title='bbox 2408 3889 2539 3968; x_wconf 15' lang='lat' dir='ltr'>AlnssZlfi),</span> 
     </span>
     <span class='ocr_line' id='line_1_188' title="bbox 1427 3963 2505 4004; baseline -0.001 -7"><span class='ocrx_word' id='word_1_1518' title='bbox 1427 3967 1523 3997; x_wconf 83' lang='lat' dir='ltr'>Sciatis</span> <span class='ocrx_word' id='word_1_1519' title='bbox 1539 3963 1618 4002; x_wconf 82' lang='lat' dir='ltr'>quod</span> <span class='ocrx_word' id='word_1_1520' title='bbox 1634 3964 1720 4004; x_wconf 81' lang='lat' dir='ltr'>Nos,</span> <span class='ocrx_word' id='word_1_1521' title='bbox 2406 3973 2459 3997; x_wconf 82' lang='lat' dir='ltr'>An.</span> <span class='ocrx_word' id='word_1_1522' title='bbox 2478 3978 2505 4004; x_wconf 90' lang='lat'>5.</span> 
     </span>
    </p>
   </div>
   <div class='ocr_carea' id='block_1_25' title="bbox 1364 3997 2483 4045">
    <p class='ocr_par' dir='ltr' id='par_1_43' title="bbox 1364 3997 2483 4045">
     <span class='ocr_line' id='line_1_189' title="bbox 1364 3997 2483 4045; baseline -0.002 -10"><span class='ocrx_word' id='word_1_1523' title='bbox 1364 4005 1580 4035; x_wconf 81' lang='lat' dir='ltr'>Considerantes</span> <span class='ocrx_word' id='word_1_1524' title='bbox 1601 4013 1722 4041; x_wconf 84' lang='lat' dir='ltr'>magnos</span> <span class='ocrx_word' id='word_1_1525' title='bbox 1744 3997 1869 4034; x_wconf 79' lang='lat' dir='ltr'>Labores</span> <span class='ocrx_word' id='word_1_1526' title='bbox 1891 4004 1924 4035; x_wconf 86' lang='lat'>&amp;</span> <span class='ocrx_word' id='word_1_1527' title='bbox 1947 4003 2100 4043; x_wconf 79' lang='lat' dir='ltr'>Sumptus,</span> <span class='ocrx_word' id='word_1_1528' title='bbox 2116 4015 2207 4045; x_wconf 82' lang='lat' dir='ltr'>quos,</span> <span class='ocrx_word' id='word_1_1529' title='bbox 2221 4006 2340 4037; x_wconf 61' lang='lat' dir='ltr'>dileetus</span> <span class='ocrx_word' id='word_1_1530' title='bbox 2354 4006 2387 4035; x_wconf 90' lang='lat'>&amp;</span> <span class='ocrx_word' id='word_1_1531' title='bbox 2408 4013 2438 4035; x_wconf 83' lang='lat' dir='ltr'>R.</span> <span class='ocrx_word' id='word_1_1532' title='bbox 2458 4018 2483 4034; x_wconf 89' lang='lat'>2.</span> 
     </span>
    </p>
   </div>
   <div class='ocr_carea' id='block_1_26' title="bbox 1278 4039 2513 4081">
    <p class='ocr_par' dir='ltr' id='par_1_44' title="bbox 1278 4039 2513 4081">
     <span class='ocr_line' id='line_1_190' title="bbox 1278 4039 2513 4081; baseline -0.002 -8"><span class='ocrx_word' id='word_1_1533' title='bbox 1278 4052 1279 4055; x_wconf 54' lang='lat'>¹</span> <span class='ocrx_word' id='word_1_1534' title='bbox 1328 4042 1415 4073; x_wconf 78' lang='lat' dir='ltr'>fidelis</span> <span class='ocrx_word' id='word_1_1535' title='bbox 1432 4042 1518 4072; x_wconf 82' lang='lat' dir='ltr'>Miles</span> <span class='ocrx_word' id='word_1_1536' title='bbox 1534 4040 1645 4080; x_wconf 88' lang='lat' dir='ltr'>noster,</span> <span class='ocrx_word' id='word_1_1537' title='bbox 1664 4046 1753 4071; x_wconf 80' lang='lat' dir='ltr'>Simon</span> <span class='ocrx_word' id='word_1_1538' title='bbox 1767 4040 1799 4071; x_wconf 84' lang='lat' dir='ltr'>de</span> <span class='ocrx_word' id='word_1_1539' title='bbox 1813 4039 1899 4070; x_wconf 84' lang='lat' dir='ltr'>Burle</span> <span class='ocrx_word' id='word_1_1540' title='bbox 1913 4065 1922 4079; x_wconf 91' lang='lat'>,</span> <span class='ocrx_word' id='word_1_1541' title='bbox 1946 4043 1974 4071; x_wconf 92' lang='lat' dir='ltr'>in</span> <span class='ocrx_word' id='word_1_1542' title='bbox 1990 4040 2141 4081; x_wconf 88' lang='lat' dir='ltr'>Obsequio</span> <span class='ocrx_word' id='word_1_1543' title='bbox 2159 4044 2275 4081; x_wconf 81' lang='lat' dir='ltr'>nostro,</span> <span class='ocrx_word' id='word_1_1544' title='bbox 2293 4045 2390 4074; x_wconf 84' lang='lat' dir='ltr'>habuit</span> <span class='ocrx_word' id='word_1_1545' title='bbox 2410 4050 2465 4072; x_wconf 80' lang='lat' dir='ltr'>Par.</span> <span class='ocrx_word' id='word_1_1546' title='bbox 2486 4054 2513 4079; x_wconf 84' lang='lat'>5.</span> 
     </span>
    </p>
   </div>
   <div class='ocr_carea' id='block_1_27' title="bbox 1330 4079 2541 4150">
    <p class='ocr_par' dir='ltr' id='par_1_45' title="bbox 1330 4079 2541 4150">
     <span class='ocr_line' id='line_1_191' title="bbox 1330 4079 2541 4126; baseline -0.002 -14"><span class='ocrx_word' id='word_1_1547' title='bbox 1330 4083 1359 4112; x_wconf 86' lang='lat' dir='ltr'>in</span> <span class='ocrx_word' id='word_1_1548' title='bbox 1371 4081 1490 4121; x_wconf 79' lang='lat' dir='ltr'>Viagio,</span> <span class='ocrx_word' id='word_1_1549' title='bbox 1509 4079 1588 4119; x_wconf 82' lang='lat' dir='ltr'>quod</span> <span class='ocrx_word' id='word_1_1550' title='bbox 1604 4079 1640 4111; x_wconf 83' lang='lat' dir='ltr'>de</span> <span class='ocrx_word' id='word_1_1551' title='bbox 1652 4079 1804 4119; x_wconf 69' lang='lat' dir='ltr'>Praecepto</span> <span class='ocrx_word' id='word_1_1552' title='bbox 1820 4080 1919 4112; x_wconf 88' lang='lat' dir='ltr'>nostro</span> <span class='ocrx_word' id='word_1_1553' title='bbox 1939 4081 2059 4113; x_wconf 73' lang='lat' dir='ltr'>faciebat</span> <span class='ocrx_word' id='word_1_1554' title='bbox 2073 4104 2086 4121; x_wconf 61' lang='lat'><em>2</em></span> <span class='ocrx_word' id='word_1_1555' title='bbox 2102 4083 2135 4113; x_wconf 87' lang='lat' dir='ltr'>ad</span> <span class='ocrx_word' id='word_1_1556' title='bbox 2149 4092 2239 4121; x_wconf 72' lang='lat' dir='ltr'>partes</span> <span class='ocrx_word' id='word_1_1557' title='bbox 2254 4082 2391 4126; x_wconf 82' lang='lat' dir='ltr'>Aleman-</span> <span class='ocrx_word' id='word_1_1558' title='bbox 2408 4088 2436 4110; x_wconf 78' lang='lat' dir='ltr'>R.</span> <span class='ocrx_word' id='word_1_1559' title='bbox 2446 4094 2471 4110; x_wconf 88' lang='lat'>2.</span> <span class='ocrx_word' id='word_1_1560' title='bbox 2481 4091 2504 4119; x_wconf 80' lang='grc' dir='ltr'>ρ,</span> <span class='ocrx_word' id='word_1_1561' title='bbox 2514 4092 2541 4110; x_wconf 63' lang='grc'>2,</span> 
     </span>
     <span class='ocr_line' id='line_1_192' title="bbox 2338 4129 2512 4150; baseline -0.017 0"><span class='ocrx_word' id='word_1_1562' title='bbox 2338 4129 2394 4150; x_wconf 84' lang='lat' dir='ltr'>mae</span> <span class='ocrx_word' id='word_1_1563' title='bbox 2410 4131 2446 4149; x_wconf 85' lang='lat' dir='ltr'>m.</span> <span class='ocrx_word' id='word_1_1564' title='bbox 2465 4130 2512 4149; x_wconf 53' lang='lat'>22,</span> 
     </span>
    </p>
   </div>
  </div>
 </body>
</html>
