2561 4251
753 195 875 237 ET
955 198 1220 239 ACTA
1302 198 1779 245 PUBLICA.
2255 221 2309 265 '79

1252 291 1280 315 ta
1294 284 1403 328 forent,
1421 285 1454 318 &
1467 294 1529 325 quae
1542 287 1578 318 de
1589 287 1747 327 hujusmodi
1759 289 1842 321 Bonis
1857 292 1890 322 ὃς
1905 286 2087 324 Mercandisis
2102 292 2256 335 appreciata
2269 298 2302 329 δ’(
2319 292 2395 328 Anh.
2404 291 2447 332 D.

1251 323 1364 352 vendita
1379 327 1471 355 rorent
1482 351 1491 363 ‚
1510 327 1626 364 quibus,
1645 328 1678 359 &
1694 337 1751 366 quo
1765 327 1878 367 Pretio,
1892 330 1925 361 ὃ(
1939 340 1989 369 per
2003 342 2069 370 quas
2084 332 2303 374 Personas,An=
2339 338 2425 376 1392·

1251 361 1374 398 glicanas
1393 363 1425 392 ὃς
1449 365 1624 401 Alienigenas
1639 388 1650 404 ,
1672 365 1709 397 sic
1725 368 1878 404 appreciata
1895 369 1926 399 &
1942 370 2051 400 vendita
2065 371 2174 411 forent,
2192 385 2224 404 ac
2237 380 2301 413 quae
2313 377 2366 403 Εἰς,
2386 386 2413 403 ι.

1250 400 1396 438 Summae,
1414 402 1449 431 de
1463 402 1633 433 Venditione
1647 405 1813 436 eorumdem
1828 404 1973 437 Bonorum
1994 410 2027 440 ὃς
2045 408 2301 453 Mercandisatum‚

1252 438 1289 468 fic
1304 438 1416 468 forsitan
1435 440 1666 480 Appreciatorum
1682 443 1715 473 &
1727 443 2141 488 venditorumfflrovenienzes,
2160 451 2188 480 in
2196 450 2303 484 Custo-

1250 476 1295 506 dia
1315 477 1516 515 praediCtorum
1529 489 1616 517 nuper
1633 479 1748 518 Majoris
1763 483 1796 512 ὅτ,
1812 481 2044 523 Vicecomitum,
2061 496 2252 528 remanerent,

1288 513 1478 554 Volentesque
1498 526 1581 547 unam
1605 517 1715 549 Partem
1735 520 1898 550 earumdem
1913 520 2124 555 Indenturarum
2146 527 2301 565 (videlicet)

1250 562 1334 590 penes
1351 553 1419 583 Nos
1431 555 1463 585 ὃς
1479 553 1645 585 Concilium
1660 557 1803 596 nostrum,
1823 560 1849 588 in
1866 559 1976 591 Officio
1991 561 2093 593 Privati
2107 564 2191 603 Sigilli
2204 566 2304 606 nostri,

1288 591 1448 658 §secundam
1464 602 1548 630 penes
1562 593 1689 632 eosdem,
1706 606 1794 633 nuper
1811 596 1951 636 Major-em
1966 601 2000 631 &
2016 600 2225 642 vicecomites,

1321 639 1417 660 ernam

20 351 40 372 ¹²
52 352 118 380 v11.

20 392 83 428 726.

23 453 148 486 Amal),
167 444 285 500 REX
299 467 308 483 ,
332 444 543 491 *Venerabilitin
563 447 679 492 Christo
703 449 795 495 Patri,
814 450 1013 491 Archiepistopo
1027 453 1215 492 Burdegaliae,

17 502 123 561 ,ser-
161 482 1217 568 lmfisaes‘ffsssszsstzsszzzzt&sustentetis{saturasset

15 574 67 598 An·
89 571 130 597 ¹6.
162 559 377 590 Archambaudo
392 562 424 590 de
439 561 550 600 Grylino
565 561 685 600 Capitali
700 564 735 593 de
750 563 861 602 Bogio‚
879 566 1021 596 Gaillara'o
1042 568 1074 597 de
1088 567 1219 607 Durfhrti

17 614 45 637 R.
66 617 91 635 2,
164 596 299 628 Domino
322 600 358 629 de
383 599 511 630 Duracio
525 624 535 638 ,
559 602 715 631 Bertrando
734 602 766 631 de
783 603 1037 642 Montesferrando,
1054 616 1087 636 ac
1101 609 1219 636 Decam's

16 647 81 677 Vasc.
104 648 146 673 15·
163 633 354 668 Ecclesiarum
367 639 524 667 Sanctorum
539 639 660 668 Andreae
675 639 859 679 &Severini,
870 642 1127 681 JohanniDelhuro
1136 645 1217 676 Prio-

14 689 41 712 Β,
61 692 86 712 2.
108 693 146 713 m.
161 675 184 703 ri
209 674 361 712 Hospitalis
378 675 605 715 SanetiJacobi,
625 677 765 717 Magistro
780 682 935 718 Raymundo
947 681 1093 713 Guillielmi
1106 682 1142 712 de
1158 683 1218 713 Po-

15 725 41 750 ⁶‚
162 712 230 751 dio,
248 714 300 744 ΜΕ
325 714 391 744 istro
406 713 543 749 Pelegrino
557 716 588 744 de
602 716 689 754 Faba,
708 718 741 747 ὅ(
756 717 885 755 Johanni
908 720 939 748 de
961 720 1067 750 Bordilt
1083 743 1093 759 ,
1113 722 1140 750 in
1156 721 1218 751 De-

161 754 244 782 cretis
259 753 291 784 &
337 751 436 788 egibus
451 751 643 792 Doctoribus,
663 757 744 784 Petro
758 757 790 785 de
803 756 915 786 Riberia
931 758 961 787 in
976 758 1101 798 Legibus
1114 759 1219 790 Licen-

162 791 248 829 tiato,
267 791 300 820 &
315 792 470 820 Bertrando
483 792 514 820 de
527 791 602 832 Asta
618 794 645 822 in
660 794 858 832 utroqueJure
872 795 1037 834 Bacallario‚
1057 797 1191 828 Salutem.

233 830 276 858 uia
291 850 302 866 ,
323 829 399 866 quta
415 828 555 860 Debitum
576 831 692 869 suscepti
706 831 881 872 Regiminis,
896 835 1031 865 omnibus
1045 836 1078 866 &
1093 836 1220 874 fingulis,

159 865 194 896 ad
242 876 291 904 os,
311 876 340 897 ut
355 867 389 897 ad
403 867 515 906 Regem
534 868 557 897 F
559 870 679 906 ranciae,
697 869 877 907 Superiorem
891 872 924 903 &
940 871 1105 904 Dominum
1120 873 1219 905 Duca-

159 902 204 934 tt‘is
227 903 408 942 Aquitanniae
428 906 461 936 &
483 905 607 936 Partium
628 907 832 946 adjacentium,
852 909 1086 949 Querelantibus,
1106 912 1219 943 Provo-

168 359 196 386 ²X<
225 363 273 394 De
283 361 427 405 Querelis
442 365 477 400 ὠ*
489 362 742 410 Appellationibus
755 365 940 412 Diffi'niendis
948 371 984 406 ὠ·
995 368 1218 402 Terminandis.

1438 640 1522 670 penes
1538 632 1707 670 praedie’mm
1722 634 1898 665 Nicholaum
1914 635 2040 679 Collyng
2059 641 2093 671 &
2108 641 2208 672 Socios
2223 643 2302 682 suos,

1290 666 1327 697 Et
1349 669 1488 706 Qiartam
1510 679 1594 707 penes
1616 671 1706 701 dietos
1723 671 1828 709 Ligeos
1839 674 1871 703 &
1886 674 2029 707 Tenentes
2042 679 2147 716 praefati
2161 679 2301 720 Comitis,

1252 715 1375 742 quorum
1399 707 1478 738 Bona
1499 709 1532 739 &
1555 707 1738 740 Mercandisae
1759 712 1890 748 praediera
1911 712 2019 752 forent,
2039 726 2198 756 remanere,
2217 729 2302 756 prout

1251 744 1281 773 in
1295 744 1396 774 Literis
1411 746 1511 776 nostris
1528 746 1707 784 Parentibus,
1725 749 1790 779 inde
1806 750 1960 789 confectis,
1982 753 2088 790 plenius
2102 758 2279 788 continetur:

1286 781 1410 820 Jamque
1423 807 1432 820 ,
1457 793 1490 814 ex
1514 794 1590 822 parte
1612 785 1805 816 Bartholomaei
1825 788 1856 817 de
1879 791 1961 818 Puteo
1976 814 1985 827 ,
2004 791 2101 823 Nobis
2115 794 2162 833 sit,
2179 797 2302 833 graviter

1251 822 1455 858 conquerendo
1468 846 1477 860 ,
1505 823 1689 854 monstratum
1712 826 1790 863 quod
1806 848 1815 862 ,
1833 827 1898 857 licet
1914 828 1988 858 idem
2002 831 2217 863 Bartholomaeus
2231 833 2304 864 mer?

1250 857 1458 898 Januenfis‚&
1470 871 1530 890 non
1545 861 1581 891 de
1589 861 1759 893 Obedientia
1775 865 1879 901 praesati
1894 865 2016 897 Comitis
2028 869 2138 908 existat,
2158 882 2241 909 prout
2253 882 2302 913 per

1251 896 1464 928 Testimonium
1477 899 1536 929 satis
1551 900 1676 939 clarum,
1694 911 1726 931 ac
1739 902 1796 931 aliis
1811 904 1860 932 viis
1875 903 1907 933 &
1922 906 2013 935 modis
2026 908 2127 944 quibus
2149 913 2304 951 convenit,

158 943 300 980 cantibus,
318 943 350 973 ὃς
364 943 592 982 Appellantibus‚
609 945 794 977 defiderarnus
809 947 867 978 fieri
880 948 993 986 plenum
1005 948 1125 988 Justitiae
1133 960 1218 981 com-

157 979 351 1049 plegemum,

230 1030 262 1050 os

194 1055 244 1088 De
255 1043 352 1088 v’estris
364 1055 494 1088 fidelitate
508 1059 541 1090 &
556 1060 814 1098 circumspectione
830 1062 949 1100 provida
963 1064 1152 1104 confidentes,

192 1095 241 1126 Ad
264 1095 476 1133 Recipiendum
498 1098 531 1127 &
547 1097 729 1130 Audiendum
744 1110 845 1131 omnes
862 1102 1013 1141 Qierelas,
1030 1103 1217 1134 Provocatio-

157 1142 207 1164 nes
243 1133 276 1164 &
296 1133 507 1171 Appellationes
523 1159 532 1173 ‚
559 1137 592 1167 ad
617 1137 703 1175 Nos,
722 1147 751 1169 ut
769 1139 881 1178 Regem
898 1141 1039 1179 Franciae,
1058 1143 1085 1171 in
1103 1142 1216 1173 Ducatu

156 1173 190 1202 &
205 1157 333 1202 13‘artibus
349 1174 505 1212 praedietis,
524 1174 561 1205 s1c
576 1175 661 1206 factas
674 1177 705 1207 &
721 1177 907 1215 interpofitas,
924 1189 956 1209 ac
971 1179 1158 1216 imposterum
1176 1181 1216 1210 fa-

156 1209 268 1240 ciendas
282 1210 316 1240 &
328 1211 543 1249 interponendas
553 1236 562 1251 ,
580 1214 612 1244 δε
627 1215 655 1243 in
671 1216 807 1245 omnibus
821 1215 917 1247 Cauiis
927 1218 1131 1256 Qerelarurn,
1141 1218 1216 1249 Pro-

154 1249 358 1287 vocationum,
377 1251 410 1280 &
425 1251 653 1288 Appellationum
669 1252 844 1292 huiusmodi,
863 1265 929 1285 cum
944 1266 1038 1286 earum
1060 1256 1216 1288 Emeroen-

156 1287 244 1325 tibus,
263 1288 467 1326 incidentibus,
484 1289 723 1330 dependentibus,
742 1293 775 1322 ὅ(
789 1295 938 1330 connexis,
959 1294 986 1323 in
1001 1295 1034 1326 ὃς
1051 1296 1085 1325 ab
1101 1281 1214 1334 eisdem,

155 1324 377 1357 Procedendutn
415 1326 592 1367 Citandum,
608 1329 870 1368 Cognoscendum,
890 1331 1081 1363 Inliibendum
1096 1357 1106 1370 ,
1126 1333 1217 1364 Inter-

155 1363 350 1403 loquendum,
368 1350 597 1405 Diffiniendum,
614 1368 818 1407 Statuendum,
835 1370 867 1401 &
883 1369 1108 1409 Exequendutn,
1125 1374 1158 1402 &
1175 1374 1217 1410 ip—

155 1402 193 1432 sas
204 1427 213 1439 ,
232 1403 384 1434 secundum
398 1404 504 1444 Leges,
521 1406 625 1444 Foros,
644 1407 676 1436 δε
686 1407 911 1438 Consuetudines
925 1409 1063 1439 dic‘tarum
1075 1409 1214 1448 Partium,

154 1450 186 1470 ac
202 1440 304 1509 {tuum
319 1442 352 1473 ὃ(
367 1441 490 1474 Cursum
505 1443 602 1476 Curiae
615 1444 718 1475 nostrae
734 1445 878 1485 Franciae‚
897 1447 968 1476 Fine
982 1448 1079 1478 debito
1099 1448 1215 1479 Termi-

154 1489 208 1509 nan
231 1490 281 1512 um

193 1517 238 1547 Ac
258 1503 356 1549 or’nnia
378 1519 427 1550 alia
448 1520 482 1550 δε
503 1520 606 1559 singula
629 1521 802 1552 Faciendum
823 1523 856 1552 &
875 1521 1092 1554 Excercendum
1110 1535 1174 1562 quae
1188 1526 1215 1556 in

156 1555 306 1586 Praemiffis
330 1557 364 1587 &
382 1568 414 1588 ea
434 1560 611 1597 tangentibus
624 1560 774 1591 necessaria
789 1560 891 1592 fuerint
906 1561 951 1592 seu
965 1563 1047 1592 eriam
1061 1573 1218 1603 oportuna,

156 1594 241 1624 etiam
256 1594 275 1624 si
293 1594 465 1626 Mandatum
479 1598 588 1635 exigant
601 1597 735 1636 speciale,

193 1631 287 1663 Vobis
322 1633 756 1674 Qatuordecim,Tresdecim‚
773 1635 956 1676 Duodecim,
970 1637 1138 1679 Undecim,
1154 1640 1216 1672 De-

153 1680 247 1740 fiernbd
269 1656 394 1739 Navem
409 1695 420 1709 ,
447 1671 530 1703 ouo
545 1696 555 1712 ,
579 1673 694 1712 Septem
708 1698 718 1714 ,
735 1675 807 1714 Sex,
827 1676 983 1715 Qinque,
1003 1678 1151 1718 Qiatuor,
1169 1680 1215 1711 vel

185 1719 208 1738 ri
249 1720 262 1740 s
274 1720 310 1740 ve
337 1720 421 1748 rum,

193 1746 228 1777 In
247 1747 448 1779 Criminalibus
469 1751 539 1781 vero
554 1772 563 1788 ,
586 1750 638 1780 illis
649 1774 659 1788 ,
683 1752 717 1783 δε
731 1751 768 1782 illi
782 1753 851 1791 qui,
870 1752 944 1784 salvo
961 1753 1072 1785 Ordine
1086 1756 1119 1787 &
1135 1756 1215 1788 Statu

156 1785 225 1823 suis,
243 1786 270 1817 se
282 1787 468 1818 intromittere
480 1797 613 1826 poterunt
624 1798 693 1820 cum
708 1790 846 1828 potestate
868 1791 917 1822 fibi
938 1792 1108 1831 adjungendi
1124 1805 1213 1826 unum

155 1832 204 1854 aut
225 1824 318 1862 plures
339 1824 470 1895 Collegfas
484 1849 495 1866 ,
517 1837 585 1857 cum
598 1826 757 1858 Punitionis
769 1830 802 1861 &
817 1828 1001 1861 Cohertionis
1012 1832 1114 1863 debitae
1128 1833 1216 1864 Pote-

157 1862 225 1893 state
238 1887 248 1901 ,
274 1863 360 1895 Vices
380 1868 431 1895 noi
447 1875 487 1895 ras
505 1864 703 1898 Concedimus
724 1867 758 1899 ὃς
782 1866 1001 1901 Committimus
1014 1893 1024 1910 ‚
1057 1870 1151 1904 donec
1173 1882 1216 1903 eas

157 1900 317 1932 duxerimus
330 1902 515 1942 revocandas,

1251 944 1358 972 paratus
1373 936 1413 966 est
1426 937 1564 976 edocere,
1583 938 1668 969 iidem
1685 949 1778 970 tamen
1795 963 1804 977 ‚
1831 950 1919 978 nuper
1934 942 2031 981 Major
2044 946 2076 975 &
2095 944 2302 988 vicecomites,

1252 974 1506 1005 considerationem
1521 976 1553 1006 ad
1570 977 1626 1007 hoc
1642 988 1701 1008 non
1713 978 1860 1017 habentes,
1879 979 2011 1012 ducentas
2027 984 2059 1014 ὃς
2075 983 2182 1021 Qater
2198 988 2301 1024 viginti

1249 1010 1326 1042 Balas
1338 1012 1451 1043 Waidae
1465 1014 1500 1044 de
1517 1015 1685 1046 Lumbardia
1699 1017 1779 1054 ipsius
1793 1016 1988 1049 Bartholomaei
1997 1043 2005 1058 ‚
2025 1020 2059 1050 ad
2072 1022 2236 1054 Trescentas
2251 1025 2304 1055 Vi³

1251 1050 1321 1088 ginti
1336 1050 1368 1080 &
1385 1051 1500 1089 Septem
1515 1053 1627 1091 Libras,
1643 1054 1715 1084 Tres
1725 1055 1855 1091 Solidos,
1873 1058 1904 1086 ὃς
1921 1057 2058 1096 Qinque
2076 1058 2233 1099 Denarios‚
2251 1073 2302 1100 per

1251 1088 1395 1118 Robertum
1416 1093 1481 1120 Fitz
1502 1091 1602 1121 Robert
1617 1114 1626 1129 ‚
1646 1094 1740 1122 Adam
1755 1093 1871 1131 Terdele,
1889 1096 1922 1126 &
1933 1096 2090 1133 Johannem
2104 1098 2189 1129 Halle
2223 1100 2302 1132 Gro-

1251 1136 1332 1157 ceros
1362 1127 1525 1159 Londoniae
1541 1152 1551 1168 ‚
1583 1130 1761 1168 Appreciatas
1775 1155 1784 1169 ,
1810 1141 1943 1168 praeteittu
1965 1135 2120 1166 Literarum
2142 1122 2303 1170 nostrarum

1250 1165 1447 1202 praedic'tarum
1464 1191 1473 1206 ‚
1501 1177 1631 1205 tanquam
1656 1169 1731 1199 Bona
1752 1171 1785 1201 ὅ(
1810 1169 1915 1201 Catana
1931 1173 2132 1208 praedictorum
2148 1175 2304 1215 Ligeorum

1250 1205 1284 1234 ὃς
1304 1204 1479 1235 Tenentium
1499 1207 1605 1243 praefati
1622 1206 1745 1238 Comitis
1761 1231 1770 1246 ,
1786 1207 1978 1248 arestaverint‚
1994 1212 2026 1242 &
2040 1213 2131 1244 adhuc
2146 1214 2196 1245 sub
2209 1216 2305 1254 hujus-

1251 1242 1331 1271 modi
1351 1242 1452 1274 Aresto
1477 1245 1650 1275 detineantur
1665 1270 1674 1284 ‚
1700 1248 1728 1276 in
1748 1247 1829 1284 ipsius
1845 1246 2042 1280 Bartholomaei
2059 1250 2227 1290 Dampnum
2242 1264 2303 1285 non

1251 1280 1400 1311 modicum
1416 1284 1448 1312 δε
1463 1283 1643 1322 Gravamen,

1285 1318 1376 1386 Ξηόέ
1391 1321 1473 1350 nobis
1488 1322 1650 1360 supplicavit
1666 1322 1714 1353 fibi
1730 1321 1765 1353 de
1779 1322 1924 1355 Remedio
1937 1325 2095 1365 provideri,

1322 1368 1353 1387 OS

1286 1382 1420 1427 Volentes
1434 1398 1460 1427 in
1477 1398 1528 1429 hac
1543 1407 1619 1436 parte
1635 1398 1691 1429 fieri
1704 1400 1780 1437 quod
1796 1400 1835 1430 est
1843 1399 1949 1438 justum
1965 1402 1998 1433 δε
2012 1403 2170 1435 consonum
2183 1407 2301 1445 rationi,

1286 1433 1377 1465 Vobis
1395 1435 1565 1466 Mandamus
1581 1438 1660 1474 quod
1674 1438 1807 1469 Waidam
1821 1440 1981 1476 praedictam
1995 1441 2138 1473 dearestari
2153 1467 2162 1480 ‚
2181 1445 2214 1475 &
2231 1455 2303 1482 prae—

1249 1470 1307 1500 fato
1324 1471 1551 1512 Banbolomaeo,
1570 1476 1626 1505 sine
1639 1476 1787 1514 dilatione,
1805 1477 1947 1508 deliberari
1960 1479 1992 1509 &
2007 1480 2112 1511 restitui
2127 1481 2239 1514 faciatis.

1285 1508 1373 1541 Teste
1386 1512 1491 1549 meipso
1505 1513 1576 1550 apud
1590 1515 1763 1553 Notyngham
1771 1538 1781 1554 ‚
1800 1524 1899 1555 quarto
1913 1517 1957 1546 die
1967 1517 1983 1555 J
1988 1519 2044 1548 ulii.

1977 1595 2030 1624 Per
2043 1595 2193 1626 Concilium.

1625 1676 1716 1684 ,Γῆ--

1250 1720 1298 1754 De
1312 1722 1475 1754 Intentione
1496 1725 1582 1770 Regis
1593 1750 1602 1765 ,
1620 1724 1710 1770 sitper
1728 1727 1892 1758 Donatione
1910 1729 2095 1773 Aquitaniae,
2123 1732 2206 1764 Duci
2221 1734 2305 1764 Lan-

1554 1770 1659 1815 castriae
1666 1773 1756 1817 fasta
1766 1800 1776 1816 ‚
1802 1774 2002 1819 certificanda.

1248 1852 1329 1914 LE
1343 1853 1410 1885 R01
1429 1866 1462 1894 a,
1480 1865 1538 1887 noz
1551 1856 1635 1887 foialx
1648 1858 1681 1889 ὃς
1694 1857 1760 1888 bien
1773 1868 1873 1897 amez,
1892 1859 2055 1892 Reverentz
2063 1861 2154 1893 Pieres
2169 1874 2204 1894 en
2212 1860 2300 1905 Dieu‚
2317 1861 2392 1893 Ann.
2408 1859 2449 1895 D.

1318 1893 1444 1932 Prelatz‚
1466 1894 1567 1925 Barons
1602 1895 1694 1932 Mier,
1713 1898 1746 1927 ὃς
1757 1896 1861 1936 Jurez,
1879 1899 1910 1928 ὃ(
1928 1899 2076 1931 Comunes
2090 1901 2125 1932 de
2138 1902 2233 1933 nostre
2248 1902 2300 1934 Ci-
2339 1911 2421 1941 1392-

1248 1940 1293 1963 tee
1308 1931 1344 1962 de
1366 1932 1502 1964 Burdeux'
1515 1934 1547 1964 &
1566 1919 1601 1964 de
1618 1933 1784 1974 BurdeloyS,
1803 1936 1836 1965 &
1851 1947 1866 1966 a
1879 1946 1961 1968 toutz
1972 1948 2061 1969 autres
2075 1939 2110 1969 de
2123 1941 2218 1972 nostre
2234 1941 2300 1973 Du·
2316 1944 2366 1968 An.
2390 1943 2430 1969 ¹6·

1250 1971 1304 2002 che
1318 1970 1354 2001 de
1369 1970 1509 2011 Guyene,
1526 1982 1554 2002 as
1564 1981 1656 2010 queux
1669 1982 1728 2003 noz
1741 1973 1878 2012 presentes
1895 1975 1943 2006 Le·
1951 1985 2003 2006 tres
2016 1977 2156 2009 vendront
2169 2004 2178 2017 ,
2196 1980 2299 2011 Salutz.
2315 1984 2344 2006 R·
2367 1989 2392 2006 2-

1288 2008 1386 2040 Come
1399 2034 1409 2049 ‚
1436 2020 1483 2047 par
1504 2019 1562 2040 noz
1575 2019 1664 2041 autres
1679 2011 1803 2050 Lenes,
1819 2013 1851 2043 ὅ(
1866 2023 1914 2050 par
1928 2016 1984 2044 avis
1997 2014 2043 2045 des
2057 2015 2180 2056 Prelatz,
2199 2018 2298 2058 Ducs,
2318 2018 2383 2054 Vasc-
2404 2019 2445 2046 16·

1251 2046 1363 2078 Counts
1376 2071 1386 2086 ,
1408 2048 1511 2078 Barons
1525 2073 1535 2086 ,
1560 2049 1579 2068 ²*
1598 2049 1714 2080 Nobles
1729 2073 1739 2088 ,
1764 2050 1798 2081 ὃς
1819 2059 1907 2081 autres
1922 2052 2052 2092 Seignurs
2068 2065 2102 2084 en
2118 2056 2191 2093 plein
2208 2055 2297 2087 Parle-
2316 2059 2345 2082 R·
2358 2066 2428 2083 2·m·

1251 2094 1347 2124 ment,
1363 2087 1485 2117 euffions
1504 2087 1593 2117 Done
1615 2088 1648 2119 ὃς
1669 2087 1798 2120 Graunte
1812 2089 1838 2119 le
1852 2089 1957 2121 Duche
1972 2092 2008 2122 de
2021 2092 2160 2132 Guyene‚
2177 2095 2298 2134 ovesque
2319 2103 2343 2126 5-

1249 2124 1276 2155 le
1291 2124 1390 2163 Tine,
1408 2125 1512 2163 Nom,
1532 2126 1564 2156 &
1578 2125 1641 2156 Isses
1655 2136 1670 2156 a
1684 2126 1772 2166 ycelle
1782 2137 1978 2165 appartenantz
1991 2154 2000 2167 ‚
2018 2132 2091 2162 oves
2107 2142 2141 2162 ue
2154 2142 2235 2163 toutz
2251 2144 2297 2164 ces
2316 2133 2330 2147 *
2352 2132 2420 2159 VH.

1250 2162 1492 2202 Appartenances,
1510 2174 1540 2202 a,
1559 2164 1653 2195 nostre
1667 2165 1803 2197 trescbere
1817 2167 1850 2198 &
1862 2168 1980 2199 tresbien
1993 2179 2058 2200 ame
2106 2171 2186 2210 ncle,
2198 2171 2296 2210 Johan
2314 2169 2377 2205 728-

1249 2203 1312 2230 Duc
1325 2203 1356 2231 de
1368 2205 1470 2232 Guiene
1483 2200 1520 2237 (θ’
1534 2203 1566 2232 de
1577 2202 1733 2242 Lamastre.

195 1939 233 1970 Et
247 1941 315 1971 ideo
329 1942 412 1971 vobis
425 1941 597 1974 Mandarnus
611 1943 692 1982 quod
705 1945 781 1976 circa
795 1944 941 1977 Praemiffa
953 1945 1100 1986 diligenter
1121 1949 1215 1980 inten-

157 1976 243 2016 datis,
262 1980 295 2010 &
308 1989 339 2010 ea
353 1979 458 2011 faciatis
472 1981 506 2012 &
521 1983 700 2020 exequamini
713 1984 742 2012 in
754 1983 846 2014 forma
857 1984 1005 2022 praedicta:

198 2016 309 2047 Damus
328 2026 422 2048 aurem
444 2020 575 2051 universis
598 2021 632 2051 &
654 2021 765 2060 singulis
787 2022 1012 2062 Archiepiscopis
1026 2047 1036 2063 ‚
1053 2023 1218 2065 Episcopis,

161 2053 334 2086 Abbatibus:
355 2056 504 2096 Ducibus,
523 2057 703 2098 Comibus,
724 2059 965 2099 Vicecomitibus,
982 2062 1216 2103 Marchionibus‚

158 2092 330 2124 Batonibus:
349 2094 522 2134 Senescallis,
542 2096 700 2135 Majoribus
712 2120 722 2135 ‚
740 2097 916 2138 Praepositis,
935 2099 1132 2141 Officiahbus,
1151 2103 1215 2134 Mi-

157 2131 264 2168 nistris,
284 2134 317 2164 &
332 2133 388 2164 aliis
402 2134 545 2166 Fidelibus
559 2135 678 2174 nostris,
696 2137 754 2168 tam
770 2136 947 2176 Nobilibus,
966 2139 1053 2175 Qu‘arn
1070 2140 1216 2179 Populari-

159 2170 227 2207 bus,
247 2170 371 2202 Partium
383 2173 594 2212 praediecarum,
613 2175 732 2205 Tenore
746 2175 948 2215 Praesentium,
966 2177 1080 2209 firmiter
1094 2180 1122 2209 in
1136 2189 1216 2209 man—

158 2209 228 2239 datis
251 2210 328 2247 quod
343 2210 436 2241 Vobis
448 2234 457 2249 ‚
484 2212 712 2251 Qiatuordecim
746 2213 927 2253 Tresdecim,
946 2214 1130 2257 Duodecim,
1146 2217 1216 2247 Un-

159 2247 273 2286 decim,
291 2247 424 2286 Decem,
442 2250 582 2288 Novem,
601 2251 699 2289 Otito,
716 2236 848 2291 Septem,
868 2253 936 2292 Sex,
956 2254 1094 2293 Qinque
1106 2278 1116 2294 ‚
1136 2256 1218 2293 Qua-

158 2294 241 2323 mor,
260 2286 306 2316 vel
328 2287 436 2317 Tribus
458 2288 585 2320 vestrum
599 2313 608 2329 ‚
634 2291 667 2320 &
683 2291 712 2320 in
727 2290 928 2322 Criminalibus
942 2293 994 2323 illis
1006 2294 1039 2324 &
1053 2294 1109 2332 illi,
1129 2295 1217 2332 quise

159 2325 347 2356 intromittere
367 2335 499 2364 poterunt
512 2352 521 2365 ,
538 2328 613 2359 salvo
629 2328 740 2359 Ordine
752 2330 785 2360 &
800 2330 877 2360 Statu
892 2331 957 2368 suis,
975 2340 1009 2362 ac
1025 2330 1152 2372 Collegis
1167 2333 1216 2363 libi

158 2362 297 2400 adjunetis
326 2364 439 2401 (quibus
464 2366 581 2397 eandem
605 2367 792 2398 concedimus
811 2368 994 2407 potestatem)
1016 2369 1161 2402 intendant
1181 2372 1216 2403 ὃς

157 2410 272 2440 pareant
283 2403 311 2431 in
328 2402 487 2434 Praemiffis.

193 2438 228 2468 In
242 2442 335 2479 cujus,
352 2442 412 2472 &c.
430 2442 565 2479 quamdiu
580 2442 673 2480 Regis
686 2444 821 2482 placuerit
840 2444 986 2477 Voluntati
998 2446 1147 2478 duraturas.

194 2477 283 2509 Teste
297 2479 380 2521 Rege
394 2480 466 2520 apud
481 2480 604 2521 Castrum
618 2486 696 2520 Regis
710 2482 936 2524 Notynghamiae,
951 2494 1051 2523 quarto
1066 2485 1110 2516 die
1122 2485 1198 2525 Julii.

629 2560 685 2588 Rer
696 2558 778 2598 ipſsam
792 2561 888 2598 Regem
903 2559 942 2596 ό·
957 2560 1110 2592 Concilium.

318 2691 368 2723 De
384 2690 575 2736 Reprifhliis,
599 2701 704 2724 contra
723 2694 867 2726 Comitem
886 2696 1062 2729 Virtutum.

1286 2239 1427 2271 Reservez
1446 2250 1461 2270 a
1484 2241 1571 2272 Nous
1590 2242 1617 2271 le
1636 2241 1739 2273 Resort
1754 2243 1786 2274 &
1801 2242 2015 2284 Sovereignetee
2028 2245 2064 2276 de
2076 2247 2181 2277 mesme
2195 2247 2219 2278 la
2233 2247 2298 2280 Du⁴

1249 2278 1319 2316 che,
1337 2288 1424 2309 come
1437 2289 1453 2309 a
1467 2278 1527 2309 Roi
1542 2279 1578 2310 de
1591 2280 1713 2319 France,

1288 2315 1428 2347 Mandans
1441 2327 1456 2347 a
1468 2327 1551 2348 toutz
1564 2319 1601 2349 les
1616 2318 1725 2357 Foialx,
1742 2318 1896 2359 Soubgitz,
1912 2319 2039 2360 Prelatz‚
2053 2321 2171 2361 Barons,
2190 2323 2298 2363 Meirs,

1245 2354 1349 2395 Jurez,
1365 2355 1493 2394 Bailliffs,
1513 2355 1662 2396 Prevosts,
1675 2357 1825 2396 Justicers‚
1844 2360 1876 2390 ὃ(
1893 2358 2052 2398 Ministres‚
2071 2362 2104 2392 δε
2119 2372 2134 2391 a
2145 2370 2226 2393 toutz
2236 2362 2300 2394 Co-

1250 2403 1350 2424 munes
1369 2394 1418 2424 des
1436 2392 1532 2425 Citees
1547 2418 1556 2433 ,
1578 2394 1664 2425 Villes
1677 2419 1688 2434 ,
1706 2395 1890 2436 Fortereffes‚
1907 2399 1940 2429 &
1954 2398 1991 2428 du
2005 2398 2060 2436 plat
2075 2399 2155 2438 Pais,
2195 2412 2231 2431 ue
2244 2412 2259 2431 a
2273 2401 2299 2432 le

1250 2432 1357 2462 mesme
1364 2432 1458 2471 Johan
1472 2433 1567 2464 nostre
1581 2433 1622 2464 dit
1636 2433 1735 2465 Uncle
1743 2433 2008 2473 Obeiffent‚facent
2024 2438 2057 2468 &
2072 2437 2162 2475 preste
2188 2449 2236 2470 ent
2248 2440 2299 2470 Se-

1249 2480 1360 2501 rement
1373 2472 1409 2502 de
1425 2471 1527 2502 Fiance
1538 2473 1571 2504 &
1591 2473 1748 2512 Ligeance‚
1767 2472 1910 2504 Reservez
1920 2485 1936 2505 a
1949 2474 2037 2505 Nous
2050 2475 2076 2505 le
2090 2476 2189 2507 Resort
2201 2478 2296 2509 &So-

1248 2511 1427 2547 vereignetee
1440 2520 1526 2541 come
1537 2521 1552 2540 a
1567 2510 1633 2551 Roy
1645 2511 1681 2541 de
1694 2511 1815 2549 France,
1835 2511 1940 2542 sicome
1952 2512 1992 2543 dit
2005 2512 2062 2556 est,
2081 2515 2113 2544 &
2130 2516 2192 2545 auxi
2210 2526 2299 2547 corne

1248 2538 1355 2587 a'ppiert
1391 2548 1432 2578 lus
1445 2559 1478 2579 au
1491 2548 1565 2587 plein
1579 2559 1627 2586 par
1643 2559 1701 2579 noz
1715 2548 1838 2588 Lettres,
1856 2559 1871 2580 a
1885 2575 1894 2588 ,
1913 2559 1974 2581 noz
1986 2551 2075 2581 chiers
2087 2554 2126 2596 8(-
2136 2554 2200 2596 bien
2215 2563 2298 2585 amez

1249 2586 1361 2623 Foialx,
1372 2559 1503 2625 ¹l³relatz,
1524 2587 1646 2626 Barons,
1666 2587 1773 2625 Meirs,
1786 2588 1892 2628 Jurez,
1910 2588 2064 2629 Prevost2‚
2082 2590 2297 2631 Baillifs,Justi-

1247 2626 1334 2662 ciers,
1349 2625 1486 2662 Officers,
1507 2625 1666 2663 Ministres,
1685 2627 1717 2657 &
1734 2625 1880 2656 Comunes
1892 2626 2026 2665 directes,

1288 2662 1342 2693 Par
1358 2672 1457 2694 vertue
1471 2663 1518 2693 des
1530 2664 1623 2701 queles
1635 2665 1672 2694 les
1686 2674 1832 2695 reverentz
1848 2664 1939 2695 Pieres
1950 2675 1984 2695 en
1994 2665 2071 2696 Dieu
2108 2667 2232 2707 Prelatz,
2246 2668 2297 2700 Ba-

1249 2710 1332 2739 rons,
1352 2700 1456 2739 Meirs,
1468 2701 1572 2740 Jurez,
1587 2702 1753 2741 Comunes,
1771 2704 1804 2734 ὃ(
1819 2712 1905 2733 autres
1915 2703 2056 2743 Officers,
2075 2689 2229 2746 f’revostz,
2243 2707 2297 2745 Ju-

1249 2739 1358 2778 sticers,
1377 2740 1410 2770 ὃς
1423 2739 1567 2770 Ministres
1578 2741 1684 2771 eussent
1697 2741 1746 2771 fait
1761 2742 1793 2771 &
1810 2741 1900 2779 preste
1912 2742 2057 2773 Serement
2069 2743 2106 2774 de
2121 2745 2224 2775 Fiance
2238 2756 2252 2775 a
2270 2746 2296 2776 le

79 2801 85 2808 ,
136 2800 143 2808 ,
218 2771 281 2802 ΕΧ
306 2773 411 2813 Custodi
425 2775 459 2806 <Sc
475 2775 678 2805 Vicecomitibus
693 2777 858 2817 Londoniae‚
877 2777 1011 2810 Salutem.
1249 2777 1292 2808 dit
1311 2778 1405 2822 nostre
1423 2778 1523 2809 Uncle
1534 2803 1543 2816 ,
1567 2788 1606 2809 ou
1625 2779 1650 2809 le
1671 2779 1798 2823 greindre
1812 2781 1897 2817 partie
1909 2780 1946 2810 de
1957 2782 2046 2824 ycelle
2078 2781 2114 2811 de
2126 2792 2141 2812 a
2158 2782 2212 2826 Lui
2226 2784 2296 2814 estre

35 2825 120 2855 1392,
249 2811 328 2842 Cum
343 2822 447 2851 nuper,
1250 2816 1416 2847 Oberssantz
1433 2827 1448 2847 a
1470 2816 1581 2847 Terme
1599 2816 1636 2848 de
1650 2817 1675 2848 sa
1689 2818 1713 2848 V
1716 2828 1759 2861 ie,
1774 2818 1897 2855 ovesque
1911 2827 2028 2849 certeins
2042 2805 2248 2851 l5rotestacions
2261 2823 2294 2853 &

13 2859 53 2883 An
84 2858 114 2883 16
194 2847 240 2879 Ad
253 2849 513 2890 Supplicationem,
531 2852 702 2883 dilectorum
715 2853 867 2893 Ligeorum
882 2855 1045 2887 nostrorum
1059 2880 1067 2895 ,
1085 2856 1214 2887 Nicholai
1248 2853 1450 2899 Reservacions
1464 2879 1474 2893 ,
1498 2855 1534 2885 de
1556 2865 1615 2886 non
1625 2856 1772 2899 'departier
1786 2856 1822 2886 de
1835 2856 1860 2885 la
1874 2856 2013 2900 Coronne
2023 2857 2230 2902 d’Engkrerre,
2248 2869 2297 2904 par

0 2890 38 2922 ζα,
57 2903 83 2921 ,,,
157 2886 218 2916 Coll
231 2899 264 2924 ng
277 2888 311 2918 &
323 2889 474 2920 Sociorum
487 2890 618 2929 suorum,
1248 2902 1301 2923 eux
1318 2895 1385 2925 faitz
1400 2916 1409 2932 ‚
1433 2895 1465 2925 ὃς
1487 2894 1551 2924 sanz
1573 2895 1713 2931 prejudlce
1732 2893 1768 2937 de
1781 2893 1851 2924 leurs
1866 2893 2032 2939 ansseges,
2052 2895 2208 2927 Franchises
2219 2920 2229 2936 ,
2245 2900 2296 2928 Li-

14 2931 144 2966 zlaufim,
227 2936 243 2955 e
259 2926 364 2958 affensu
384 2927 511 2959 Concilii
531 2928 618 2959 nostri
633 2953 643 2968 ,
661 2929 899 2967 Affignaverirnus
913 2942 1003 2970 nuper
1018 2932 1163 2973 Majorem
1177 2935 1211 2966 &
1246 2932 1355 2964 bertees
1368 2957 1377 2970 ,
1403 2931 1589 2976 Conceffions
1602 2955 1611 2968 ,
1635 2931 1800 2962 Donacions
1811 2955 1821 2971 ,
1844 2931 2042 2969 Affignacions
2054 2957 2063 2971 ,
2084 2944 2099 2964 a
2113 2944 2166 2966 eux
2179 2944 2295 2974 grantez

2 2958 39 2996 ἷξε,
49 2979 116 2999 2‚m,
156 2962 347 2995 Vicecomites
361 2965 522 2997 Londoniae
542 2967 576 2997 ad
595 2969 691 2998 omnia
706 2968 784 3000 Bona
797 2970 830 3000 ὃ(
847 2970 1035 3001 Mercandisas
1051 2972 1209 3010 Ligeorum
1246 2981 1294 3008 par
1306 2980 1365 3002 1102
1379 2971 1578 3008 Progemtours
1591 2971 1625 3014 ὃς
1639 2980 1688 3007 par
1703 2969 1806 3007 Nous,
1824 2980 1839 2999 a
1852 2979 1905 3001 eux
1921 2971 2078 3015 Reservez,
2096 3012 2102 3017 ,

0 2994 4 3042 i}
15 3009 56 3044 36.
156 3002 190 3032 &
202 3002 378 3035 Tenentium
393 3008 501 3036 Comitis
517 3007 669 3044 Virtutum,
688 3017 753 3045 quae
768 3007 803 3038 de
816 3010 938 3046 partibus
950 3010 1153 3041 Transmarinis
1176 3011 1210 3042 ad
1284 3009 1323 3040 Et
1343 3010 1437 3040 ascuns
1458 3009 1494 3038 de
1516 3018 1568 3052 nos
1586 3007 1672 3052 Liges
1691 3019 1738 3046 par
1756 3009 1816 3052 dela
1831 3010 1864 3039 ὃς
1876 3018 1965 3039 autres
1977 3019 2049 3041 aient
2061 3011 2133 3055 Bit,
2149 3012 2240 3051 parle,
2258 3013 2292 3044 &

0 3032 5 3078 l
155 3040 263 3071 dietam
279 3040 433 3074 Civitatem
449 3043 590 3082 nostram,
607 3045 652 3076 seu
668 3044 788 3076 Portum
802 3047 921 3085 ejusdem
931 3070 940 3086 ‚
958 3058 1007 3085 per
1021 3049 1141 3080 Terram
1154 3050 1211 3081 five
1246 3048 1392 3085 enforme,
1411 3056 1469 3077 noz
1483 3046 1571 3077 chiers
1583 3047 1616 3078 ὅ(
1633 3047 1716 3077 foralx
1729 3046 1862 3085 Subgitz,
1883 3046 2010 3086 Prelatz,
2038 3047 2117 3080 Men
2127 3073 2136 3087 ‚
2160 3052 2193 3081 &
2205 3051 2294 3089 Jurez

0 3080 5 3113 z*
158 3089 208 3116 per
223 3079 336 3117 Aquam
346 3104 356 3119 ‚
374 3091 512 3113 venerunt
526 3083 560 3113 &
573 3084 717 3122 venirent,
736 3085 820 3122 usque
832 3085 866 3115 ad
881 3085 1016 3117 Valorem
1027 3087 1133 3118 Trium
1150 3088 1211 3118 Mi-
1247 3087 1280 3117 &
1292 3086 1396 3116 Barons
1444 3087 1476 3116 &
1493 3084 1671 3115 Communes
1685 3085 1720 3116 de
1738 3085 1864 3116 Burdeux
1879 3087 1912 3117 δε
1926 3086 1961 3116 de
1973 3087 2138 3131 Burdeloys,
2156 3089 2189 3119 ὅ(
2203 3098 2292 3133 autres

1 3116 25 3144 ἰ
42 3130 109 3158 νη,
158 3117 229 3162 lium
248 3119 282 3149 δι·
301 3118 498 3165 Ducentarum
521 3121 670 3166 Librarum
692 3122 797 3168 (solutis
811 3125 884 3162 prius
900 3123 1062 3164 custumis,
1079 3127 1098 3146 ²*
1117 3126 1211 3157 Subli-
1245 3124 1281 3154 de
1296 3124 1391 3169 nostre
1403 3109 1507 3154 Duche
1518 3123 1553 3153 de
1567 3123 1707 3168 Guyene,
1746 3133 1780 3154 ue
1794 3125 1881 3163 ycelle
1898 3124 2052 3156 Donacion
2067 3136 2126 3156 non
2145 3127 2229 3158 estort
2242 3137 2291 3166 par

0 3143 5 3164 Α
159 3156 229 3192 dns,
247 3156 280 3186 δε
291 3156 349 3186 alus
365 3157 511 3197 Deveriis,
527 3160 609 3190 nobis
622 3160 689 3191 inde
704 3161 817 3198 debitis)
833 3162 1040 3202 Arestandum,
1246 3172 1318 3193 nous
1338 3164 1385 3193 fait
1406 3163 1441 3192 de
1461 3161 1555 3192 nostre
1578 3162 1705 3192 Liberale
1749 3163 1846 3193 olunte
1867 3163 1899 3194 &
1913 3162 2052 3203 Ottroye,
2071 3174 2191 3202 anceoys
2203 3165 2290 3196 Nous

1 3168 75 3222 ἐφη.

1 3225 6 3252 5³

192 3192 312 3224 Proviso
331 3195 440 3232 semper
460 3197 540 3234 quod
560 3197 650 3236 aliqua
669 3199 750 3230 Bona
770 3201 817 3231 seu
830 3200 1035 3240 Mercandisas,
1055 3213 1104 3240 per
1118 3202 1210 3234 dietos

155 3231 259 3270 Ligeos
276 3232 309 3263 &
330 3232 474 3264 Tenentes
492 3234 598 3274 praefati
619 3235 744 3267 Comitis
759 3260 770 3275 ,
793 3240 823 3268 in
846 3238 952 3279 Regno
966 3240 1064 3271 nostro
1078 3241 1209 3280 Angliae‚

153 3279 249 3307 empta
268 3270 314 3300 vel
333 3271 451 3302 emenda
465 3295 474 3310 ,
498 3272 532 3302 ad
555 3282 586 3302 ea
600 3282 648 3309 per
663 3274 732 3305 Nos
743 3285 818 3306 extra
831 3277 909 3308 idern
923 3278 1062 3316 Regnum
1077 3280 1208 3311 nostrum

154 3307 315 3348 educenda,
333 3310 453 3339 minime
467 3309 632 3355 arestarent,

192 3346 300 3377 Dantes
315 3347 406 3378 eidem
421 3358 508 3385 nuper
518 3348 621 3387 Majori
629 3373 639 3386 ,
658 3350 691 3380 δε
700 3348 926 3383 vicecomitibus
934 3352 1069 3391 ,firmiter
1081 3356 1109 3384 in
1120 3355 1207 3386 Man-

151 3383 220 3414 datis
242 3385 322 3423 quod
344 3385 421 3416 Bona
442 3388 475 3417 δε
492 3385 679 3418 Mercandisas
694 3389 842 3427 praeditsta,
857 3390 944 3429 cum,
962 3400 994 3422 ut
1008 3395 1207 3432 praemittitur,

151 3422 265 3453 arestata
277 3424 387 3461 forent,
405 3424 481 3455 salvo
495 3424 629 3456 custodiri
642 3426 936 3466 facerent,quousque
951 3430 1023 3460 aliud
1038 3441 1053 3461 a
1068 3432 1149 3461 nobis
1164 3435 1207 3462 in-

153 3461 190 3491 de
205 3462 340 3492 haberent
354 3463 382 3491 in
399 3461 557 3501 Mandatis,
575 3464 645 3496 sicut
659 3463 758 3496 Nobis
772 3465 806 3496 δε
821 3465 960 3498 Concilio
974 3468 1071 3499 nostro
1086 3471 1115 3499 in
1129 3470 1206 3501 futu-

155 3509 218 3529 rum
234 3500 301 3529 inde
315 3499 482 3537 respondere
495 3502 615 3540 vellent,

193 3537 231 3568 Et
277 3537 335 3568 uod
350 3539 426 3569 dieta
447 3539 526 3570 Bona
544 3542 578 3572 &
597 3540 782 3572 Mercandisae
804 3541 856 3573 fint
878 3542 1000 3575 Parcella
1020 3545 1206 3585 eorumdem,

154 3576 192 3607 fic
206 3586 251 3606 are
277 3586 334 3614 ata,
354 3587 418 3614 quae
427 3599 436 3614 ‚
454 3578 556 3617 absque
569 3578 748 3619 Perditione,
763 3580 783 3611 fi
797 3590 857 3612 non
869 3581 1030 3613 festinanter
1048 3584 1205 3614 venderen-

152 3623 214 3653 tur,
233 3625 291 3645 non
310 3616 465 3652 potuissent
485 3615 620 3648 custodiri
635 3641 646 3655 ,
666 3628 764 3649 coram
779 3619 817 3649 eis
828 3629 877 3657 per
891 3620 1105 3653 Sacramentum
1122 3622 1204 3652 Mer-

152 3662 281 3684 catorum
296 3653 482 3693 Anglicorum
495 3655 530 3685 &
543 3655 772 3695 Alienigenarum
788 3666 837 3694 per
848 3658 974 3696 utrasque
988 3659 1082 3691 Partes
1097 3660 1204 3691 eleeto-

152 3701 217 3721 rum
234 3692 390 3728 (videlicet)
412 3702 461 3730 per
477 3693 647 3730 praedi&um
668 3693 833 3724 Nicholaum
853 3696 913 3726 Coll
927 3708 962 3735 ng
975 3699 1009 3730 &
1022 3698 1124 3729 Socios
1140 3698 1202 3729 suos

152 3738 187 3758 ex
201 3739 255 3760 una
269 3739 360 3768 parte,
377 3732 410 3762 &
425 3733 608 3769 Mercatores,
625 3741 749 3770 quorum
763 3732 841 3763 Bona
855 3735 888 3765 &
941 3737 1088 3766 ercandifie
1101 3737 1145 3767 illa
1159 3736 1203 3767 fo-

153 3776 232 3805 rent,
249 3778 283 3799 ex
298 3769 379 3798 altera
395 3778 486 3807 parte,
505 3768 623 3800 fideliter
635 3771 855 3808 appreciarentur
869 3774 902 3804 δε
917 3774 1120 3813 venderentur,

192 3805 237 3836 Ac
257 3806 384 3837 Summae
395 3831 405 3843 ,
429 3817 482 3845 pro
500 3807 602 3838 eisdem
625 3808 799 3848 Appreciatae
811 3832 821 3847 ,
848 3811 878 3840 in
893 3809 1064 3843 Custodiam
1078 3813 1202 3850 ipsorum

152 3852 242 3880 nuper
258 3843 378 3882 Maj0ris
392 3845 423 3876 ὃς
438 3844 653 3876 Vicecomitum
667 3855 853 3886 ponerentur,

190 3880 337 3920 Qiodque
357 3883 466 3914 easdem
485 3883 614 3914 Summas
636 3883 712 3915 salvo
729 3884 902 3917 custodirent
913 3911 923 3925 ,
941 3887 1087 3927 quousque
1099 3888 1172 3919 aliud
1187 3898 1203 3919 a

149 3920 231 3950 nobis
247 3920 279 3949 ὅτ,
293 3918 430 3952 Concilio
443 3922 540 3952 nostro
552 3922 618 3953 inde
631 3922 765 3954 haberent
778 3924 806 3952 in
822 3924 979 3964 Mandatis,

184 3957 222 3987 Et
239 3957 320 3994 quod
342 3957 503 3991 Indenturas
525 3960 745 3999 Quadripartitas
765 3960 801 3992 de
821 3961 972 3994 Praemiffis
985 3963 1043 3994 sieri
1055 3964 1196 4004 facerent,

147 3995 326 4026 testificantes
347 4006 411 4034 quae
431 3998 510 4029 Bona
523 4001 568 4030 vel
584 3998 771 4030 Mercandisae
785 3999 821 4030 sic
833 4000 946 4032 arestata
961 4002 1072 4038 forent,
1091 4013 1124 4033 ac
1141 4002 1199 4033 Va-

145 4033 238 4064 lorem
262 4033 428 4064 eorumdem
472 4037 507 4067 &
520 4037 653 4068 Nomina
666 4047 766 4067 eorum
781 4037 817 4067 de
831 4040 930 4076 quibus
943 4049 1039 4079 capta,
1056 4042 1089 4072 &
1103 4041 1131 4071 in
1148 4052 1199 4072 cu-
1231 4042 1264 4071 &
1282 4042 1443 4079 Libertees,
1461 4039 1497 4069 les
1512 4039 1608 4078 queles
1620 4048 1668 4077 par
1682 4038 1709 4069 le
1721 4038 1842 4070 Tenour
1859 4038 1895 4069 de
1904 4037 2010 4078 ycestes

422 4059 557 4106 Custodia
571 4099 582 4115 ‚
600 4076 750 4115 postquam
765 4075 804 4108 fic
816 4077 927 4111 arestata
938 4078 1085 4111 existerent
1093 4101 1104 4118 ‚
1121 4079 1196 4117 pofi-
1229 4079 1357 4119 servons,

141 4073 186 4111 jus
193 4096 202 4111 ,
220 4071 266 4103 seu
282 4082 406 4112 quorum

1244 3200 1379 3239 Desplere
1397 3211 1431 3231 en
1452 3200 1549 3230 nostre
1562 3199 1640 3230 Coer
1652 3202 1685 3231 &
1700 3199 1832 3245 Coragez
1868 3202 1976 3244 iicome
1989 3201 2076 3232 Nous
2086 3203 2119 3232 ad
2134 3204 2191 3232 este
2207 3203 2291 3240 signi-

1244 3239 1281 3269 fie
1301 3243 1333 3271 &
1354 3238 1516 3270 demonstre
1530 3261 1539 3276 ,
1565 3248 1600 3268 en
1622 3239 1716 3268 nostre
1732 3239 1806 3276 plein
1823 3224 1940 3269 Conserl
1952 3250 1966 3269 a
1982 3239 2191 3284 Notyngham‚
2204 3242 2290 3279 depar

1244 3288 1301 3308 noz
1315 3279 1398 3309 foialx
1412 3277 1523 3314 Meire,
1537 3277 1570 3307 &
1582 3275 1670 3315 Jurez
1679 3301 1688 3316 ,
1699 3279 1731 3309 ὃ(
1747 3276 1893 3308 Comunes
1906 3277 1942 3308 de
1952 3278 2048 3308 nostre
2061 3277 2144 3309 Citee
2156 3278 2192 3308 de
2199 3278 2288 3310 Bour-

1242 3317 1334 3385 dekll'Zi
1349 3363 1401 3385 eux
1415 3378 1424 3392 ,
1451 3355 1483 3385 ὃ(
1503 3352 1588 3390 depar
1607 3353 1645 3383 les
1662 3353 1722 3384 ditz
1741 3353 1870 3391 Prelatz,
1886 3352 2006 3391 Barons,
2023 3354 2056 3384 &
2073 3362 2161 3385 autres
2175 3354 2210 3385 de
2221 3353 2293 3386 Bur-

1241 3392 1313 3424 deux
1333 3394 1366 3424 &
1386 3393 1422 3423 de
1437 3391 1587 3429 Burdeloys
1599 3415 1608 3429 ,
1623 3402 1638 3421 a
1654 3402 1725 3422 nous
1738 3392 1933 3422 humblement
1950 3392 2083 3429 suppliant
2100 3403 2153 3430 que
2167 3393 2205 3422 les
2219 3404 2292 3425 vou-

1239 3431 1362 3468 siffions,
1381 3441 1428 3468 par
1443 3439 1504 3497 up}v
1513 3429 1640 3496 dbettres,
1658 3429 1780 3471 Certifier
1794 3431 1826 3460 de
1837 3429 1921 3469 nostre
1933 3430 1973 3459 dit
1987 3429 2113 3460 Voluntee
2133 3429 2169 3465 όν
2177 3439 2290 3470 purport

1448 3479 1454 3483 “
1480 3472 1515 3497 uil
1537 3476 1584 3497 ites

1238 3468 1454 3538 ὣῐίἐὲςυτρςιὲοεΐῗῖ
1470 3506 1488 3535 il
1501 3516 1556 3543 que
1572 3489 1658 3536 blous
1674 3515 1745 3536 vous
1768 3504 1796 3536 C
1804 3514 1822 3535 ε
1833 3513 1856 3535 R
1865 3512 1888 3534 τ
1898 3513 1909 3535 1
1919 3514 1937 3535 F
1946 3514 1958 3535 1
1967 3515 1988 3536 o
1996 3513 2018 3536 N
2026 3514 2038 3536 ς
2045 3530 2056 3544 ,
2074 3507 2108 3537 &
2120 3506 2241 3538 chescun
2250 3508 2286 3539 de

1237 3555 1326 3584 vous,
1348 3556 1402 3584 que
1422 3544 1517 3574 nostre
1540 3543 1778 3574 VoLuerE
1795 3567 1804 3580 ,
1827 3542 2079 3574 ΕΝΤΕΝεῐοΝ
2094 3566 2105 3583 ,
2129 3546 2161 3575 &
2180 3545 2284 3576 Pun-

1238 3592 1285 3614 Ρο
1296 3593 1319 3614 R
1331 3594 1343 3614 s
1367 3583 1423 3620 est,
1441 3583 1473 3613 ὅ(
1495 3581 1528 3612 ad
1542 3582 1614 3619 este,
1632 3593 1680 3622 que
1696 3581 1780 3621 nostre
1793 3581 1923 3620 treschere
1936 3579 1973 3616 ώ-
1989 3582 2049 3611 bien
2059 3593 2130 3612 amet
2145 3584 2226 3613 Uncle
2238 3589 2281 3613 ait

1237 3620 1266 3650 la
1287 3622 1344 3652 dite
1361 3624 1498 3652 Donation
1518 3621 1550 3649 de
1569 3624 1662 3659 meJme
1680 3619 1708 3649 la
1728 3619 1822 3649 Duche
1835 3641 1844 3655 ‚
1870 3617 1908 3652 ό·
1916 3619 1999 3658 ycelle
2012 3619 2051 3648 lui
2066 3631 2152 3650 avons
2158 3620 2222 3661 fait
2229 3631 2283 3660 par

1237 3670 1306 3700 avys
1326 3662 1358 3690 de
1377 3671 1408 3689 no
1419 3659 1460 3687 bre
1477 3657 1581 3696 Conseil
1599 3658 1636 3693 ό·
1657 3659 1701 3687 der
1724 3661 1797 3687 Trois
1812 3656 1916 3696 Estatz
1931 3680 1941 3695 ,
1959 3669 1991 3687 en
2005 3657 2090 3701 nostre
2095 3657 2172 3697 plain
2187 3659 2284 3690 Parle-

1236 3705 1325 3735 ment,
1344 3699 1377 3728 &
1420 3697 1502 3726 olons
1523 3697 1555 3726 ὃς
1572 3696 1720 3726 Ottroions
1741 3705 1795 3734 que
1807 3695 1894 3734 ycelle
1907 3695 2062 3726 Donacion
2077 3698 2115 3727 ait
2129 3696 2233 3727 Valour
2247 3700 2282 3730 ὃς

1237 3735 1260 3765 F
1261 3745 1366 3767 ermete
1379 3748 1395 3764 a
1413 3735 1438 3764 la
1453 3737 1499 3763 Vie
1510 3736 1541 3763 de
1555 3737 1648 3773 mesme
1658 3733 1743 3772 nostre
1758 3735 1798 3763 dit
1813 3733 1908 3771 Unde,
1921 3736 1999 3771 juitte
2013 3736 2046 3766 &
2058 3735 2156 3765 solone
2170 3736 2196 3766 le
2209 3736 2283 3767 Pura

1235 3783 1301 3810 pors
1325 3775 1361 3804 de
1380 3783 1438 3803 noz
1458 3773 1527 3802 dites
1548 3772 1671 3810 Lenres,
1688 3773 1721 3802 &
1739 3781 1868 3802 centorns
1879 3773 1992 3802 tresbon
2006 3781 2072 3809 gree
2083 3783 2098 3802 a
2113 3782 2195 3803 toutz
2210 3782 2285 3805 ceux

1235 3814 1283 3855 qui
1304 3821 1360 3881 (ΜΞ
1379 3813 1425 3879 [im
1446 3811 1506 3840 lour
1527 3810 1673 3841 Serement
1694 3811 1823 3840 acustum
1843 3819 1858 3839 a
1871 3809 1966 3849 Faire,
1981 3811 2013 3841 &
2026 3820 2077 3842 ont
2092 3811 2179 3842 obehi
2192 3821 2208 3842 a
2221 3821 2282 3845 noz

1362 3860 1378 3879 n
1418 3857 1513 3878 mentz

1234 3851 1299 3919 dul}
1321 3899 1391 3919 vous
1400 3860 1447 3917 e&
1467 3897 1482 3916 a
1502 3871 1624 3916 clrescun
1647 3884 1683 3916 de
1702 3896 1773 3917 vous
1795 3884 1952 3916 Mandantz
1967 3908 1978 3924 ,
2001 3896 2050 3924 par
2070 3886 2097 3917 le
2110 3886 2231 3932 Tenour
2242 3888 2280 3920 de

1233 3927 1340 3964 ycestes
1354 3951 1363 3963 ,
1389 3935 1444 3963 que
1462 3935 1478 3954 a
1500 3925 1525 3954 le
1543 3924 1582 3955 dit
1604 3923 1700 3954 nostre
1723 3924 1822 3955 Uncle
1834 3948 1843 3962 ,
1871 3934 1887 3954 a
1902 3923 2014 3955 Terme
2026 3924 2062 3956 de
2075 3925 2102 3956 sa
2117 3925 2187 3965 Vre,
2205 3937 2281 3959 vous

1232 3965 1306 3995 soiez
1319 3965 1472 3994 Obeisantz
1485 3962 1518 3993 &
1529 3962 1664 3993 duement
1678 3962 1876 4000 Entendantz3

1269 4003 1391 4034 Reserve
1407 4011 1476 4032 vous
1491 4000 1657 4039 privileges,
1676 4000 1867 4038 Franchesies,
1885 3998 2059 4072 CustumeR
2070 3999 2280 4074 conceffi‘ffzss

2060 4050 2112 4073 ους
2131 4051 2202 4074 vous

2224 4113 2279 4154 Et,
