2561 4251
18 211 92 254 Ann.
108 213 146 255 D.

21 261 129 321 mii?

0 826 3 834 ’
23 821 39 838 ⁶
59 820 126 846 VH.

26 861 85 897 163.

731 109 841 170 ΕΤ
927 130 1193 170 ACTA

179 247 182 250 Δ
205 213 389 245 Advertentes
402 214 473 244 vero
490 212 569 253 quod
585 212 659 250 Vos,
680 213 712 245 ὃ(
727 215 822 245 caeteri
838 214 966 253 Praelati,
985 225 1016 246 ac
1032 225 1106 246 totus
1117 213 1219 246 Clerus

169 251 238 283 dieti
260 254 355 290 Regni
371 275 381 291 ,
408 253 464 282 una
476 262 542 283 cum
558 253 614 283 aliis
630 252 769 283 Fidelibus
786 253 902 290 nostris,
921 254 955 284 ad
972 254 1170 285 Resistendum
1183 254 1225 284 di-

169 291 221 321 &is
242 291 366 321 Inimicis
382 314 391 327 ,
415 301 468 327 pro
486 291 644 322 Salvatione
658 291 769 322 Sanetae
781 291 916 322 Ecclesiae
929 293 961 323 &
976 292 1098 331 ejusdem
1114 292 1227 331 Regni,

172 328 276 360 Marius
292 329 426 359 tenemini
439 339 473 366 ap
494 339 582 361 onere
600 331 775 367 Adjutiices,
1096 361 1098 363 ,

209 367 300 397 Vobis
322 367 352 396 in
375 366 444 396 Fide
463 339 495 397 Eg
515 366 681 398 Dilefflone
694 391 703 406 ‚
729 368 829 406 quibus
843 369 926 398 nobis
940 368 1092 406 tenemini,
1111 367 1227 399 firmiter

172 402 389 447 injungimus&
404 406 566 436 mandamus
582 408 727 445 quatinus,
745 406 922 436 consideratis
936 406 1079 436 Gravibus
1088 406 1229 444 Dampnis

170 445 206 474 δε
232 442 365 472 Periculis
381 467 389 481 ,
417 445 599 474 iminentibus
619 455 667 482 per
689 445 839 482 Aggressus
857 444 1045 474 Inimicorum
1068 445 1230 475 nostrorum

171 480 374 520 praedictorum
389 505 398 519 ,
423 492 523 512 omnes
539 482 679 519 Abbates,
698 482 825 519 Priores,
844 482 1017 520 Religiosos,
1035 483 1068 512 ὃ(
1084 483 1146 513 alias
1162 483 1230 513 Per-

167 520 248 550 'sonas
274 518 479 551 Ecclesiasticas
499 521 690 558 quascumque
703 543 712 556 ,
737 519 838 549 vestrae
858 519 1001 550 Dioecclis
1014 544 1023 558 ,
1048 531 1227 559 quacumque

168 556 303 587 dilatione
321 558 471 598 postpositi
483 581 493 596 ,
513 558 624 587 Armari
638 558 671 588 ὃ(
686 557 824 595 Ariaiari,
842 559 876 589 &
894 559 989 589 Armis
1002 562 1228 597 competentibus

171 595 326 633 (videlicet)
341 597 497 634 quemlibet
511 605 611 626 eorum
626 596 697 625 inter
716 595 827 626 AEtates
840 598 1004 634 praedicitis,
1014 599 1092 635 juitta
1107 598 1227 636 Statum,

169 632 359 665 Poffeffiones
393 634 427 665 ’δὲ
441 632 597 664 Facultates
609 633 681 671 suaS,
701 636 822 671 muniri,
840 636 873 666 &
889 645 938 665 eos
951 636 980 664 in
990 636 1131 673 Millenis,
1151 635 1229 666 Cen-

169 674 239 702 tenis
254 696 263 711 ,
287 674 321 704 ὃ(
342 657 471 702 ΧᾹῃῑειπὶε
493 673 563 709 poni
584 672 689 702 faciatis
704 696 714 711 ,
730 674 766 703 ita
780 673 859 711 quod
876 673 1008 711 Prompti
1025 674 1076 704 sint
1091 675 1124 704 &
1138 674 1227 704 Parati

167 710 202 739 ad
223 709 457 749 proficiscendum
471 733 480 748 ,
501 710 536 740 ad
560 709 730 741 Mandatum
743 714 884 749 vestrum,
903 713 958 741 uria
974 721 1041 741 curn
1057 712 1112 741 aliis
1127 712 1229 741 Fideli-

169 750 223 779 bus
238 748 355 786 nostris,
373 757 472 778 contra
485 748 575 779 dictos
590 749 726 780 inimicos
739 750 847 779 nostros
857 773 866 788 ,
885 751 955 780 inira
969 750 1081 779 dietum
1091 749 1227 788 Regnum

170 787 300 818 nostrum
314 809 325 824 ,
347 786 380 815 ad
396 787 484 824 ipsos,
503 797 572 817 cum
584 787 644 819 Dei
658 787 811 826 adjutorio,
829 788 1045 824 debellandum,
1065 797 1229 827 expugnan-

170 826 240 856 dum
254 849 263 862 ,
284 825 322 855 ¹&
342 824 542 856 destruendum
556 848 567 864 ,
591 826 625 856 ὃ(
647 826 682 856 ad
693 835 794 856 eorum
808 825 948 856 Malitiam
962 827 995 857 ὅ(
1014 826 1031 844 *
1047 826 1227 857 Proterviam

168 863 385 902 propulsandum
399 865 431 895 ἃ
448 863 654 894 conterendum
663 887 672 902 ,

206 901 244 931 Et
263 902 321 932 hoc
337 902 434 939 ⁷,sic'ut
447 902 532 939 Nos,
550 904 583 932 ὅ(
597 902 754 932 Honorem
770 901 899 932 nostrum
915 911 947 932 ac
961 899 1101 939 vestrum,
1120 902 1153 932 &
1169 901 1229 932 Sal-

167 941 314 984 vationem
342 940 454 971 Sauetae
481 939 616 970 Eccicfiae
634 940 668 970 ὃς
688 939 783 980 Regni
804 940 895 970 nostri
917 940 1049 979 diligitis,
1077 940 1230 971 nullatenus

169 987 311 1008 omittatis.

205 1016 295 1047 Teste
309 1015 391 1055 Rege
406 1015 479 1054 apud
493 1015 783 1047 Westmonasterium
799 1040 808 1055 ,
824 1017 960 1048 vicesimo
978 1017 1079 1055 quinto
1093 1016 1139 1047 die
1151 1017 1228 1056 Julii.

644 1095 697 1123 Per
710 1087 792 1132 ipsum
806 1096 902 1131 Regem
917 1092 954 1128 (ῥ’
972 1092 1122 1123 Concilium.

206 1168 374 1199 Confimilia
402 1168 501 1200 Brevia
522 1169 680 1207 diriguntur
698 1168 863 1199 Alexandro
882 1167 1082 1209 Archiepiſsopo
1107 1169 1228 1199 Eburum

169 1208 283 1276 singul}
299 1207 433 1246 Primati,
451 1209 484 1240 Sc
499 1208 607 1248 singulis
621 1208 766 1247 Episcopis
780 1210 809 1239 in
823 1208 924 1248 Angli'a
936 1210 970 1241 &
985 1209 1106 1247 wallia,
1123 1209 1174 1239 sub
1185 1219 1232 1239 ea-

190 1256 237 1276 em
286 1255 336 1277 ata.

425 1376 473 1407 De
492 1372 670 1407 Intendena'o
691 1374 762 1419 Resc'z
782 1385 819 1421 ap
837 1373 969 1420 Griffith.

241 1458 307 1490 EX
331 1458 463 1490 universis
485 1459 518 1489 ὃς
540 1458 650 1497 lingulis
671 1457 812 1488 Militibus
824 1481 834 1496 ‚
854 1458 1023 1497 Armigeris,
1042 1456 1231 1488 Vicecomiti-

253 1498 304 1527 bus
319 1521 329 1535 ,
353 1497 512 1535 Majoribus
527 1518 537 1534 ,
557 1497 683 1534 Ballivis,
703 1496 859 1534 Ministris,
877 1496 1048 1532 Officiariis,
1067 1497 1100 1526 ὅ(
1114 1496 1170 1526 aliis
1186 1495 1232 1525 Fi-

108 1529 130 1572 ‘J
172 1534 279 1565 delibus
301 1537 335 1566 &
355 1535 478 1566 Subditis
501 1534 599 1565 nostris
613 1547 624 1573 3
641 1544 674 1564 ac
689 1536 743 1565 toti
758 1534 970 1565 Communitati
984 1534 1088 1564 nostrae
1103 1536 1130 1563 in
1146 1534 1232 1564 Suth-

171 1573 273 1611 wallia,
292 1575 351 1604 tam
367 1574 436 1604 infra
453 1574 626 1611 Libertates,
645 1577 730 1611 quam
746 1582 839 1611 exrra,
857 1573 892 1603 ad
908 1583 996 1611 quos,
1013 1575 1075 1604 &c.
1097 1572 1231 1603 Salutem.

207 1612 304 1642 Sciatis
317 1612 396 1649 quod
411 1612 494 1649 Nos,

114 1681 119 1685 ,
148 1680 157 1687 ,
210 1650 260 1681 De
280 1649 412 1680 fidelitate
430 1651 463 1682 &
485 1648 741 1687 circumspeetione
755 1673 765 1688 ,
790 1649 887 1680 dssetsti
900 1650 933 1680 ὅ(
947 1649 1034 1680 fidelis
1047 1649 1152 1688 nostri,
1173 1649 1235 1689 Refi

114 1719 120 1725 ,
172 1697 207 1728 ap
219 1688 333 1726 Griffith
345 1687 479 1720 Chivaler
490 1688 664 1718 confidentes
672 1710 682 1727 ,

211 1726 414 1758 Ordinavimus
429 1729 462 1758 &
477 1726 675 1764 affignavimus
690 1727 778 1765 ipsum
790 1726 884 1766 Refitm
904 1726 938 1757 ad
960 1725 1094 1757 Costeras
1107 1726 1143 1756 de
1159 1726 1232 1757 Mil-

173 1766 255 1803 ford,
272 1766 305 1796 &
323 1765 386 1796 alias
402 1764 534 1796 Costeras
548 1764 650 1795 Patriae
670 1765 705 1795 de
717 1766 894 1802 Suthwallia,
912 1775 1010 1796 contra
1023 1765 1182 1796 Invafiones
1198 1766 1231 1796 &

170 1804 296 1835 Pericula
316 1803 507 1834 Inimicorum
530 1803 695 1834 nostrorum
711 1827 720 1842 ,
741 1804 961 1834 custodiendum
977 1828 986 1841 ,
1001 1805 1034 1834 ὃς
1050 1803 1211 1834 salvandum
1221 1827 1231 1842 ,

169 1844 204 1874 &
219 1853 271 1880 pro
286 1842 462 1881 Salvatione,
479 1841 648 1880 Securitate‚
665 1843 697 1872 &
714 1841 889 1873 Defensione
902 1842 1085 1872 Costerarum
1104 1843 1230 1880 illarum,

170 1890 269 1913 contra
290 1880 446 1918 hujusmodi
465 1877 593 1910 Pericula
606 1903 616 1918 ,
643 1881 754 1911 meliori
776 1881 866 1912 modo
887 1891 946 1919 quo
962 1883 1080 1918 poterit,
1097 1881 1230 1910 ordinari-

170 1921 250 1988 dungt
261 1919 294 1949 &
315 1919 520 1957 disponendum
533 1941 544 1957 ,
569 1927 654 1960 prout
674 1918 766 1950 eidem
787 1919 852 1959 Resiz
872 1930 922 1957 per
946 1929 997 1950 nos
1013 1921 1120 1957 plenius
1134 1919 1175 1949 est
1188 1920 1230 1949 in-

183 1968 236 1988 unc
253 1967 316 1987 um:

167 1969 179 1997 J
208 1996 244 2026 Et
263 1996 330 2026 idco
352 1996 435 2026 vobis
449 2018 458 2033 ,
482 1996 516 2026 &
538 1996 654 2026 cuilibet
676 1995 803 2026 vestrsitn
819 1996 869 2026 sub
882 1996 958 2035 gravi
976 1995 1161 2026 Forisfastura
1176 2006 1229 2026 no-

169 2032 226 2065 strii
242 2058 252 2071 ‚
276 2033 427 2065 districtius
450 2044 509 2072 quo
533 2036 689 2072 poterimus
705 2058 715 2071 ,
733 2036 907 2073 injungimus
921 2035 953 2065 ὃς
968 2034 1131 2064 mandamus
1145 2034 1226 2072 quod

169 2073 263 2103 eidem
282 2072 347 2112 Refit
361 2095 371 2111 ,
396 2082 449 2110 pro
469 2072 628 2102 Salvatione
642 2073 676 2102 &C
691 2072 864 2104 Defenlione
877 2072 979 2102 Patriae
992 2074 1025 2103 ὃ(
1041 2072 1225 2103 Costerarum

166 2111 367 2150 praedistarum
383 2134 393 2150 ,
417 2111 546 2149 quotiens
569 2120 618 2149 per
632 2110 720 2147 ipsum
735 2111 847 2151 Restm,
865 2112 910 2141 vel
925 2111 981 2149 ejus
998 2111 1174 2149 Deputatos,
1193 2120 1227 2141 ex

168 2158 246 2187 parte
265 2149 379 2187 nostra,
397 2150 559 2187 praemuniti
572 2150 694 2188 fueritis,
713 2151 875 2188 intendatis,
893 2149 1095 2187 respondeatis,
1112 2151 1144 2180 &
1157 2150 1227 2180 obe-

167 2187 264 2225 diatis,
280 2188 313 2218 &
327 2187 378 2225 Ei,
395 2197 428 2218 ac
441 2187 616 2218 Hominibus
627 2188 662 2218 ad
677 2189 781 2226 Arma,
802 2188 942 2226 Armatis‚
961 2189 994 2218 ὅ(
1011 2188 1176 2227 Sagittariis,
1191 2190 1224 2219 &

123 2229 126 2231 ’
168 2226 313 2257 Gentibus
333 2226 384 2256 suis
404 2226 498 2256 secum
522 2229 767 2257 commorantibus
783 2251 792 2265 ,
819 2227 958 2258 victualia
972 2249 981 2265 ,
1007 2228 1045 2256 eis
1061 2227 1227 2265 necessaria,

27 2868 102 2900 Ann.
114 2867 154 2898 D.

25 2916 133 2976 23⁷7:

25 3007 112 3058 Clausi
134 3032 156 3050 1.

24 3065 53 3088 R.
71 3071 97 3089 2.
114 3070 152 3088 m.

25 3608 102 3639 Ann.
118 3608 159 3640 D.

26 3655 132 3714 23⁷3·

4 3765 86 3799 ΔΡΜ.
117 3772 139 3789 ι.

29 3803 58 3827 R.
75 3808 139 3837 2-p-

33 3846 101 3866 Lm.
116 3848 161 3873 24.

30 3874 51 3894 ’Β
66 3878 134 3904 VII.

33 3915 95 3949 ¹⁶4·

166 2275 221 2303 pro
237 2264 366 2295 Denariis
377 2264 429 2295 suis
443 2265 640 2295 rationabiliter
655 2265 722 2296 inde
736 2266 873 2297 solvendis
885 2288 895 2304 ,
914 2265 1080 2303 ministrari,
1099 2267 1133 2296 ὃ(
1148 2265 1225 2295 Her-

167 2304 301 2340 bergagia
314 2327 324 2342 ,
347 2312 402 2340 pro
421 2302 562 2340 praedietis
576 2303 748 2334 Hominibus
760 2304 793 2334 ad
809 2306 916 2342 Arma,
934 2303 1069 2342 Atinatis,
1088 2304 1121 2334 &
1136 2303 1227 2341 Sagit-

165 2343 256 2380 tariis,
276 2343 309 2373 &
326 2341 485 2379 Gentibus,
504 2351 589 2379 prout
602 2343 701 2373 melius
714 2342 806 2373 eidem
825 2343 890 2382 Refit
902 2365 912 2381 ,
931 2353 984 2380 pro
998 2342 1158 2372 Salvatione
1173 2343 1227 2372 Pa-

164 2381 228 2411 triae
242 2379 401 2418 praediistae,
417 2380 544 2418 expedire
555 2380 711 2418 Videbitur,
726 2381 762 2411 de
778 2390 908 2420 ternpore
920 2383 948 2410 in
968 2391 1079 2418 tempus
1091 2405 1101 2418 ,
1119 2381 1226 2411 liberari

166 2419 290 2456 faciatis3
309 2419 344 2448 ita
357 2418 454 2456 quod,
472 2428 521 2456 per
534 2418 620 2449 vestri
638 2419 796 2450 Defeffiim
809 2421 854 2450 seu
869 2419 1115 2457 Inobedientiam‚
1134 2419 1227 2449 eidem

167 2456 269 2524 Patrliae
290 2456 460 2494 Dampnum
480 2457 523 2488 vel
545 2456 707 2489 Periculum
721 2481 732 2497 ,
756 2458 835 2497 quod
854 2458 923 2489 absit
938 2483 948 2496 ,
974 2468 1035 2488 non
1054 2459 1164 2489 eveniat
1180 2458 1230 2489 ali-

171 2505 225 2533 qua
237 2505 260 2524 e.

206 2532 240 2563 In
255 2533 349 2571 cujus,
365 2534 425 2564 &c.

205 2571 297 2603 Teste
310 2571 393 2610 Rege
408 2571 482 2611 apud
495 2571 783 2605 Westmonasterium
797 2599 807 2613 ,
824 2575 963 2607 vicesimo
977 2573 1083 2604 oetavo
1096 2572 1229 2612 dieJulii.

906 2654 959 2682 Per
976 2651 1128 2682 Concilium.

560 2776 610 2807 De
625 2775 848 2808 Nominatione.

242 2857 267 2888 E
276 2857 332 2926 X,S
345 2857 452 2925 cllilee'tis
468 2857 518 2888 fibi
530 2859 560 2888 in
576 2857 877 2898 Christo,Abbatiffae
892 2860 925 2890 ὅ(
934 2859 1102 2891 Conventui
1118 2860 1149 2890 de
1161 2858 1233 2889 Wil-

253 2903 300 2926 ton
335 2904 446 2926 autem.

208 2934 285 2973 Quia
304 2934 489 2965 intelleximus
507 2934 586 2973 quod
601 2958 610 2974 ,
628 2934 664 2965 de
675 2934 743 2973 Jure
757 2936 791 2966 &
806 2933 1018 2967 Consuetudine
1032 2936 1162 2967 Coronae
1176 2946 1230 2966 no-

171 2972 234 3003 strae
250 2973 377 3012 Angliae,
393 2973 425 3002 ad
442 2983 496 3003 nos
512 2975 630 3011 pertinet
645 2974 678 3003 ad
693 2975 813 3012 priesens
827 2998 836 3013 ‚
855 2975 919 3013 post
933 2975 1162 3006 Coronationem
1175 2985 1230 3005 no-

170 3011 256 3041 stram
270 3036 280 3050 ,
304 3012 452 3042 nominare
472 3021 556 3042 unam
572 3012 704 3043 idoneam
719 3012 888 3052 Personam,
908 3014 1098 3053 recipiendam
1114 3016 1142 3044 in
1157 3013 1228 3044 San-

170 3050 365 3080 &imonialem
389 3050 458 3080 infra
477 3050 627 3081 Abbatiam
648 3051 786 3089 vestram,
802 3062 866 3089 qua:
881 3052 916 3082 de
930 3052 1106 3084 Fundatione
1122 3052 1230 3092 Proge-

170 3089 296 3118 nitorum
314 3088 477 3119 nostrorum
493 3090 526 3119 &
540 3089 576 3120 de
591 3089 691 3120 nostro
709 3089 861 3121 Patronatu
879 3091 988 3129 existit,

209 3126 355 3156 Dilec‘lam
368 3127 453 3157 nobis
495 3127 629 3157 olumnam
642 3129 673 3158 de
688 3129 808 3166 Olenon,
826 3130 909 3160 vobis
925 3129 1140 3168 NominamuS,

194 3163 377 3207 'Mandantes
392 3127 573 3208 quodzpsam
586 3166 750 3205 Johannam
764 3168 835 3199 infra
850 3168 1004 3199 Abbatiam
1019 3168 1143 3200 vestram
1158 3177 1229 3208 prae-

172 3201 278 3232 dietam
290 3202 324 3232 ad
338 3202 394 3232 hoc
405 3202 562 3233 admittatis.

208 3239 297 3271 Teste
312 3238 396 3280 Rege
409 3240 482 3279 apud
498 3241 674 3281 Kenyngton
683 3266 692 3282 ,
710 3243 846 3275 vicefimo
859 3245 966 3277 offitavo
980 3245 1025 3276 die
1036 3245 1113 3285 Julii.

677 3320 730 3348 Per
742 3322 835 3350 Breve
847 3321 879 3351 de
893 3325 1011 3353 Privato
1024 3321 1124 3360 sigillo.

949 3399 990 3427 Et
1004 3406 1065 3428 erat
1080 3401 1192 3428 Patent.

345 3519 403 3549 Pro
419 3517 555 3562 Epiftopo
569 3517 760 3567 ijntonieifi
770 3517 806 3552 de
822 3519 1053 3554 Pardonasione.

174 3600 261 3659 RE
272 3601 303 3633 X
327 3601 472 3632 Omnibus
493 3600 603 3634 Ballivis
623 3603 657 3634 ὃς
673 3603 814 3636 Fidelibus
829 3605 898 3644 suis,
915 3605 949 3636 ad
964 3616 1054 3644 quos,
1073 3605 1133 3637 &c.
1151 3605 1235 3638 salu-t

247 3650 314 3671 tem.

210 3679 307 3709 Sciatis
323 3678 418 3717 quod,

211 3717 309 3756 Cum,
325 3726 457 3756 tempore
470 3716 593 3747 Domini
605 3718 760 3758 Edwardi,
778 3729 867 3758 nuper
881 3723 958 3758 Regis
969 3720 1082 3758 Angliae
1095 3720 1232 3756 &Fran-

177 3757 222 3784 ciae
237 3778 247 3792 ,
269 3757 325 3786 Avi
348 3756 436 3786 nostri
453 3756 595 3793 (videlicet
609 3780 618 3793 ,
636 3756 780 3787 Termino
796 3758 960 3797 Michaelis,
979 3760 1067 3790 Anno
1084 3759 1180 3798 Regni
1195 3760 1232 3790 sui

177 3793 289 3830 Angliae
303 3794 561 3832 Qiinquagesimo)
580 3795 599 3813 ²*
619 3793 781 3825 Venerabili
797 3798 824 3825 in
838 3796 955 3827 Christo
970 3796 1063 3835 Patri,
1083 3796 1232 3828 lVi'llielmo

178 3832 232 3868 Epi
244 3839 299 3869 copo
315 3832 512 3872 PVyntonienfi,
531 3841 565 3862 ex
580 3832 787 3864 Informatione
803 3835 992 3872 quorumdam
1008 3859 1017 3873 ,
1035 3837 1152 3872 praefato
1167 3837 1234 3867 Avo

177 3878 218 3899 no
245 3879 277 3899 ro
289 3871 378 3909 faita,
394 3871 518 3909 impositi
531 3870 643 3902 fuiffent
657 3871 776 3902 Articuli
790 3872 1002 3911 subsequente53
1023 3874 1171 3913 videlicet,

214 3942 260 3974 IN
270 3952 288 3974 Ρ
298 3953 398 3976 R1M1
408 3956 440 3986 s,
457 3947 554 3986 quod,
573 3947 648 3978 Pace
663 3949 734 3978 inter
750 3947 839 3985 ipsum
860 3949 957 3980 Avurn
975 3949 1105 3980 nostrum
1120 3951 1153 3982 &
1168 3952 1234 3981 Ad-

179 3982 331 4021 verstzrium
348 3983 423 4021 ficum
442 3988 564 4016 Franciae
577 3986 644 4017 inita
654 4009 664 4025 ,
684 3985 838 4024 praedicrus
852 3987 1007 4026 Episcopus
1019 3990 1114 4019 habuit
1129 3989 1235 4027 Dispo-

174 4022 305 4052 sitionem
327 4022 360 4053 &
382 4022 666 4057 Administrationem
688 4025 725 4056 de
744 4026 881 4057 omnibus
905 4026 1133 4059 Reventionibus
1152 4028 1234 4066 ipsius

213 4064 287 4090 Tem.
302 4061 360 4090 III.
379 4062 412 4091 P.
431 4063 492 4092 ΠΙ.

1278 131 1756 179 PUBLICA.
2267 144 2322 191 65

1259 216 1316 247 Avi
1331 218 1437 262 nostri,
1457 223 1514 250 tiim
1528 222 1595 252 citra
1612 221 1711 261 Mare,
1731 226 1818 262 quem
1832 226 1900 256 ultra
1918 226 2016 265 Mai-e,
2034 228 2091 258 unii
2106 237 2174 258 cum
2187 226 2321 257 omnibus

1263 256 1395 286 Sublidiis
1413 259 1523 297 Anglite
1545 260 1658 299 Magnis
1676 264 1708 292 ὃ(
1731 263 1826 293 Parvis
1842 286 1851 301 ,
1868 266 1901 295 ὃς
1918 266 2045 305 Argento
2061 275 2175 302 recepto
2192 276 2244 304 pro
2260 266 2319 295 Re-

2344 217 2466 255 Animi),

2367 273 2449 302 1377«

1262 294 1428 332 demptione
1451 298 1537 336 Regis
1558 299 1700 339 Francis,
1719 310 1773 339 pro
1788 301 1999 343 Redemptione
2016 304 2116 335 Patriae
2131 303 2319 344 Burgundiae,
2337 306 2389 333 Rir,
2408 314 2419 329 ι

1261 333 1295 363 &3
1311 332 1400 370 Regis
1415 334 1538 374 Scotite,

1300 370 1378 408 Qiae
1400 372 1592 411 Receptiones
1614 375 1640 405 se
1661 377 1814 409 extendunt
1827 399 1838 416 ,
1865 388 1914 416 per
1929 379 2010 410 O-sto
2026 381 2142 418 Annos,
2161 389 2210 419 per
2224 384 2318 411 totum¹

1263 415 1392 446 tempus,
1412 421 1460 455 per
1471 413 1564 455 quod,
1584 417 1689 453 Simon,
1708 426 1796 450 nuper
1813 416 2027 456 Archieprfiopus
2041 418 2241 458 Caii-tuarienfis
2256 442 2265 456 ,
2283 420 2317 450 &c

1264 447 1454 493 postmodum
1476 449 1633 494 Cardinalis
1648 476 1657 490 ,
1683 454 1715 483 ὅ(
1731 454 1874 491 Johannes
1888 458 2013 493 Barna,
2032 459 2170 496 Episcopus
2184 456 2315 526 Elieanfis,

1263 485 1377 529 fuerunt
1405 486 1575 518 rhefiiurai-ii
1595 489 1708 527 Angliae
1732 492 1899 531 (videlicet,
1917 503 1932 523 a
1948 495 2082 526 vicesimo
2096 497 2171 526 i'eXto
2185 497 2231 527 die
2281 506 2317 525 o-

1261 525 1384 554 ven-ibris
1397 547 1407 562 ,
1433 525 1518 554 Anno
1540 526 1638 569 Regni
1660 529 1729 558 dicii
1746 531 1802 560 Avi
1817 531 1905 561 nostri
1917 532 2079 564 Triccfimo
2095 536 2214 573 quinto,
2233 535 2318 573 usque

1261 562 1295 603 ad
1310 561 1428 592 Annum
1451 562 1546 607 Regni
1561 566 1681 610 eiiiidem
1701 567 1756 597 Avi
1770 568 1857 599 nostri
1872 570 2129 608 Qadrageliinutn
2145 575 2271 609 tertium)
2283 572 2318 602 ad

1262 601 1404 644 (unimam
1418 601 1564 632 Undecies
1580 602 1707 634 Centum
1724 605 1857 645 Milium,
1875 618 1982 639 novem
1999 610 2134 648 Milium,
2154 612 2318 642 &Sexcen-

1261 646 1355 668 tarum
1372 638 1519 670 Librarum
1529 663 1537 677 ‚

1299 675 1337 706 Et
1360 676 1486 708 Centum
1502 677 1618 708 Milium
1636 680 1808 712 Francorum
1823 680 1858 713 de
1873 683 1994 715 Galiacio
2010 690 2124 716 Domino
2141 689 2172 717 de
2184 687 2319 717 Jiiediolaa

1262 725 1313 752 no,
1330 715 1363 744 &
1376 715 1413 745 de
1426 717 1600 747 omnimodis
1608 718 1691 747 Bonis
1707 720 1787 756 ipiius
1802 721 1857 750 Avi
1872 722 1977 761 nostri,
1997 736 2059 762 (με
2075 736 2128 763 pro
2144 728 2242 763 majori
2257 737 2318 765 par-

1263 760 1291 781 te
1313 753 1346 782 ad
1368 753 1532 785 Prosicuum
1554 757 1677 794 ejusdem
1700 758 1755 788 Avi
1777 759 1866 789 nostri
1879 761 1921 791 vel
1939 762 2033 801 Regni
2047 765 2085 793 sui
2101 765 2255 796 nullatenus
2270 765 2319 795 de<

1264 800 1420 829 venerunt,

1302 828 1356 866 Et,
1375 840 1441 874 curn
1457 829 1515 861 Pax
1528 832 1662 868 praeditsta
1678 843 1727 870 per
1740 834 1854 865 Decem
1871 836 1972 867 Annos
1987 838 2110 870 dur-:isset
2144 841 2177 872 ὃς
2191 842 2320 873 Secunda

1263 865 1374 909 Guerra
1392 869 1538 912 incepisset
1551 893 1561 907 ,
1582 870 1730 901 modicum
1750 874 1778 902 in
1799 874 1979 905 Thesauraria
2000 878 2078 915 ipsius
2101 863 2157 910 kivi
2170 882 2320 913 inventum

1265 904 1334 942 fuit,
1351 906 1389 936 set
1402 906 1480 951 idem*
1496 908 1573 951 Avus
1587 909 1681 939 noster
1697 912 1785 941 eittitit
1806 913 1835 941 in
1851 912 1960 943 Grandi
1979 914 2142 954 Paupertate
2157 942 2166 956 ,
2183 919 2218 949 ad
2235 930 2320 957 grave

1264 942 1523 989 Dampnumvdiiti
1547 946 1605 977 Avi
1626 947 1714 977 nostri
1736 950 1768 978 &
1788 950 1900 988 Regni,
1916 961 1949 982 ac
1961 952 2181 993 Oppreffionem
2196 957 2319 997 Populi,

1265 991 1314 1019 per
1337 983 1415 1026 quod
1436 984 1525 1021 ipsum
1542 985 1639 1016 Avutn
1652 986 1781 1028 nostrum
1795 989 1944 1026 oportebat
1960 989 2210 1025 Communitatem
2223 997 2321 1027 Reont

1264 1021 1298 1050 ὃ(
1318 1019 1418 1065 Cleri,
1445 1032 1494 1062 per
1514 1024 1595 1067 viam*
1606 1024 1771 1067 Sublidii&
1787 1027 2009 1068 Apprestorum,
2026 1041 2158 1070 onerare,
2174 1036 2208 1065 &
2223 1022 2321 1067 totii'm

1265 1059 1368 1089 accidit
1382 1060 1418 1090 de
1431 1061 1507 1091 malo
1522 1061 1676 1101 Regimine
1690 1065 1770 1100 ipsius
1782 1064 1928 1103 Episcopi.

1303 1097 1426 1136 ITEM,
1445 1099 1530 1143 quod·
1544 1100 1629 1143 dicius
1652 1103 1790 1140 Episcopus
1802 1127 1811 1141 ,
1837 1114 1934 1135 contra
1958 1105 2074 1145 Deum,
2095 1109 2127 1140 &
2146 1109 2301 1143 Rationem

1265 1136 1298 1167 ὃ(
1323 1136 1415 1174 Leges
1437 1137 1555 1176 Regni,
1582 1141 1646 1169 iecit
1668 1140 1866 1172 Rauncionaie
1887 1144 1920 1174 ὃς
1943 1143 2083 1185 Recipere
2103 1148 2265 1185 Argentum
2282 1138 2320 1182 d}

1266 1175 1383 1205 Matheo
1406 1176 1437 1204 de
1456 1180 1579 1215 Gourney
1595 1201 1604 1215 ,
1629 1177 1730 1207 Thoma
1750 1183 1803 1217 Fog
1818 1201 1827 1218 ,
1849 1180 1983 1218 Johanne
2006 1185 2156 1217 Semtlowe
2168 1210 2178 1224 ,
2204 1191 2320 1225 Degorio

1264 1217 1340 1257 spes,
1360 1214 1474 1258 Robersto
1486 1216 1526 1258 ¹de
1546 1217 1618 1245 Eues
1631 1239 1641 1254 ,
1665 1218 1699 1248 ὃς
1718 1219 1928 1258 quampluribus
1946 1222 2019 1259 aliis,
2033 1218 2086 1261 'qui
2100 1226 2128 1254 in
2143 1225 2262 1258 Guerris
2276 1230 2319 1266 ip-

1266 1255 1317 1283 iius
1334 1251 1390 1282 Avi
1406 1252 1491 1295 nostri
1513 1263 1612 1284 contra
1633 1255 1768 1286 inimicos
1782 1256 1844 1287 suos
1859 1257 1971 1290 strenue
1985 1261 2157 1293 laborarunt-
2177 1276 2241 1302 quae
2257 1269 2322 1305 qui¹

1265 1291 1333 1320 dem
1350 1290 1498 1334 Meipi·isio
1512 1293 1606 1337 extitit
1618 1293 1652 1323 ad
1669 1303 1726 1325 tam
1743 1305 1828 1332 grave
1842 1296 1999 1337 dampnum
2014 1300 2094 1339 ipiius
2111 1289 2166 1332 Av'i'
2181 1304 2269 1335 nostri
2284 1308 2318 1336 δί

1266 1329 1385 1373 Regni,
1412 1329 1494 1373 quod
1514 1340 1650 1362 veracrter
1672 1343 1731 1363 non
1747 1333 1829 1371 pellit
1843 1335 1989 1375 aestimari,
2009 1348 2061 1375 pro
2075 1349 2111 1369 eo
2128 1341 2203 1378 quod
2217 1353 2320 1374 omnes

1265 1367 1383 1397 Soldaru
1400 1391 1409 1405 ‚
1433 1369 1525 1399 audita
1549 1369 1736 1405 Mesprisione
1756 1371 1819 1409 illa,
1838 1373 1864 1402 se
1877 1374 2029 1411 posuerunt
2042 1378 2070 1406 in
2086 1378 2245 1410 Comitivas
2283 1381 2318 1412 δὲ

1264 1406 1392 1449 fecerunt
1409 1406 1550 1449 Guerram
1566 1410 1594 1437 in
1610 1408 1715 1448 Regno
1732 1410 1877 1449 Franciae,
1896 1422 1930 1442 ex
1948 1424 2002 1451 qua
2023 1416 2101 1446 causa
2115 1417 2226 1448 Guerra
2239 1405 2319 1450 ii’ice-

1265 1453 1324 1481 pit,
1345 1445 1378 1474 ὅ(
1392 1444 1442 1474 alia
1457 1446 1527 1476 mala
1542 1447 1714 1477 acciderunt.

1287 1482 1427 1527 immi,
1445 1484 1677 1527 quodypraedistus
1690 1485 1852 1526 Episcopus,
1868 1488 1985 1519 existens
2005 1490 2136 1523 Clericus
2154 1493 2257 1526 Privati
2274 1497 2320 1527 Si-

1266 1521 1342 1565 gilli,
1361 1522 1393 1552 &
1413 1522 1544 1559 Capitalis
1560 1523 1667 1553 Secreti
1687 1524 1828 1563 Concilii,
1845 1536 1878 1556 ac
1897 1527 2080 1559 Gubernator
2094 1531 2195 1571 Magni
2210 1533 2322 1566 Conci-

1265 1560 1310 1603 lii,
1327 1565 1393 1590 iecit
1410 1561 1528 1590 relaxare
1549 1562 1582 1591 δε
1597 1561 1749 1593 deliberare
1762 1563 1881 1594 Obsides
1896 1565 2014 1605 Regales
2029 1568 2153 1600 Franciae
2170 1573 2215 1607 (ὃς
2249 1574 2322 1605 inter

1265 1598 1334 1629 alios
1349 1621 1359 1636 ,
1383 1601 1471 1628 Duces
1490 1599 1642 1629 Aureliani
1653 1624 1662 1639 ,
1688 1604 1805 1630 Bituriae
1820 1625 1829 1640 ,
1848 1603 2043 1643 Andegaviae,
2062 1607 2094 1636 ὃς
2108 1597 2251 1640 Rurboniae
2287 1613 2320 1643 ὃς

1269 1637 1448 1674 quamplures
1468 1637 1547 1674 alios)
1563 1648 1617 1675 pro
1631 1640 1681 1669 suo
1694 1639 1828 1670 Proficuo
1843 1641 1975 1680 proprio,
1994 1643 2069 1673 Non
2084 1646 2212 1677 obstante
2225 1635 2303 1686 qii'oti

1267 1675 1421 1706 cariffimus
1438 1675 1584 1706 Dominus
1598 1677 1630 1708 ὅ(
1646 1677 1726 1707 Pater
1740 1678 1834 1709 noster
1849 1702 1858 1717 ,
1878 1679 2026 1712 Dominus
2039 1684 2214 1723 Edwardus,
2233 1674 2322 1724 nupess

1265 1715 1391 1752 Princeps
1413 1718 1578 1753 Aquitaniae
1600 1714 1637 1750 ὠ·
1660 1716 1769 1746 Walltae
1784 1717 1963 1757 Defundtus,
1982 1720 2077 1757 saepius
2093 1722 2230 1761 scripserat
2242 1726 2323 1756 difflxi

1265 1752 1332 1783 Avo
1355 1752 1452 1782 nostro
1465 1777 1474 1790 ,
1501 1754 1534 1783 &
1556 1754 1648 1784 eidem
1662 1754 1824 1794 Episcopo,
1842 1757 1876 1786 ad
1889 1757 2072 1789 detinendum
2087 1760 2219 1798 sapienter
2235 1764 2268 1794 &
2281 1766 2321 1795 se-

1264 1794 1334 1821 cure
1356 1791 1477 1821 Obsides
1500 1791 1649 1829 praedictos
1663 1818 1671 1831 ,
1701 1794 1735 1823 ad
1757 1793 1843 1824 finem
1865 1795 1941 1834 quod
1964 1796 2020 1826 Pax
2040 1808 2099 1828 non
2119 1810 2297 1839 rumperetur
2310 1814 2322 1837 ς

1264 1831 1344 1868 quia,
1363 1830 1382 1859 si
1396 1830 1501 1860 detenti
1515 1830 1642 1868 fuissent,
1662 1832 1797 1869 nusquam
1815 1833 1925 1863 Guerra
1940 1836 2076 1866 extitisset.
2313 1837 2317 1841 ’

1302 1867 1346 1898 IT
1357 1878 1375 1898 E
1386 1876 1432 1906 M,
1449 1868 1544 1906 quod,
1564 1869 1611 1898 ubi
1631 1880 1680 1907 pet
1703 1870 1866 1901 Officiarios
1888 1872 2001 1903 Pontivi
2016 1898 2025 1911 ,
2051 1881 2100 1913 per
2116 1883 2229 1915 tempus
2244 1878 2320 1909 suffi-

1263 1907 1340 1936 ciens
1361 1917 1488 1950 perantea
1501 1930 1510 1945 ,
1536 1907 1720 1938 certificatum
1743 1909 1797 1940 fuit
1816 1920 1868 1947 pro
1891 1911 1985 1941 dando
2007 1913 2143 1945 Succursu
2156 1939 2165 1953 ,
2185 1916 2217 1946 ad
2233 1917 2322 1947 finem

1264 1945 1343 1982 quod
1367 1945 1456 1975 Patria
1477 1955 1537 1975 non
1559 1948 1731 1977 amitteretur
1744 1971 1753 1985 ,
1778 1948 1853 1978 idem
1870 1949 2010 1988 Epffcopus
2022 1951 2157 1983 Nuncios
2173 1965 2220 1992 per
2235 1958 2322 1986 verba

1263 1983 1356 2020 duxit,
1374 1984 1406 2014 ὃ(
1421 1992 1478 2013 tam
1493 1984 1665 2024 negligenter
1678 1987 1704 2015 se
1717 1986 1813 2016 habuit
1827 1987 1907 2024 quod
1922 1998 1980 2018 non
1996 1993 2104 2021 curavit
2117 1993 2245 2024 ordinare
2260 1993 2321 2025 Re-

1262 2022 1407 2059 medium,
1426 2024 1462 2052 ita
1477 2023 1574 2061 quod,
1592 2025 1622 2052 in
1637 2023 1675 2054 sui
1691 2023 1868 2062 Defectum,
1886 2024 1979 2057 Patria
1996 2028 2040 2058 illa
2054 2031 2238 2062 amittebatur.

1298 2060 1371 2090 ΙΤΕ
1382 2069 1408 2090 M
1425 2083 1434 2098 ‚
1457 2061 1535 2099 quod
1550 2085 1560 2099 ,
1584 2061 1664 2092 dieto
1687 2063 1775 2093 Anno
1799 2063 2023 2103 Qadragefimo
2044 2069 2143 2107 tertio,
2160 2069 2322 2111 Johamzes,

1258 2098 1342 2128 Filius
1356 2098 1497 2142 Johqnnis
1512 2098 1656 2130 Boulewas
1671 2123 1680 2138 ,
1698 2101 1767 2132 fecit
1781 2102 1882 2132 Finem
1895 2113 1963 2133 cum
1980 2105 2038 2141 ipso
2055 2107 2122 2137 Avo
2139 2108 2252 2147 nostro,
2270 2119 2321 2147 per

1261 2136 1388 2168 Centum
1401 2137 1517 2180 Libras,
1535 2149 1588 2178 pro
1603 2139 1810 2170 Pardonatione
1824 2141 2059 2179 Transgreffionis
2074 2145 2156 2176 faeie
2172 2147 2207 2177 de
2222 2148 2322 2179 Terris

1259 2175 1398 2220 adquisitis
1420 2180 1476 2207 iine
1493 2177 1640 2216 Licentia,
1658 2179 1690 2209 ὃ(
1701 2179 1850 2217 praea'ic‘lux
1866 2180 2004 2220 Epistopus
2018 2183 2085 2213 fecit
2097 2185 2253 2216 diminuere
2269 2187 2321 2217 Vi-

1260 2215 1330 2253 ginti
1348 2214 1447 2245 Libras
1455 2239 1464 2253 ,
1483 2225 1567 2253 prout
1580 2225 1655 2254 patet
1667 2227 1716 2254 per
1730 2227 1821 2248 unum
1842 2218 1880 2248 M
1890 2227 1908 2248 E
1919 2227 1945 2249 M
1955 2229 1974 2249 o
1984 2229 2008 2251 R
2017 2230 2037 2251 A
2047 2229 2069 2251 N
2078 2231 2099 2251 D
2107 2230 2130 2252 υ
2141 2231 2169 2253 M
2182 2225 2263 2262 super
2277 2225 2321 2256 Ir-

1261 2253 1451 2284 rotulamento
1465 2254 1597 2291 ejusdem.

1291 2291 1428 2335 'It-EM,
1448 2293 1529 2330 quod
1554 2294 1603 2324 ubi
1625 2304 1679 2325 una
1698 2293 1873 2325 Commiffio
1895 2297 1980 2328 exivit
2001 2301 2098 2328 Comiti
2120 2301 2152 2329 de
2165 2303 2273 2338 Anegos
2285 2303 2320 2334 &

1262 2330 1379 2367 aliis,ad
1393 2331 1593 2368 inquirendum
1608 2331 1644 2362 de
1657 2333 1758 2371 quibus
1769 2334 1866 2364 Terris
1886 2335 1919 2365 δε
1935 2335 2119 2367 Tenementis
2126 2338 2274 2376 Johannes
2288 2341 2322 2371 de

1263 2370 1352 2412 priby
1366 2369 1437 2399 obiit
1453 2369 1579 2408 Seisitus,
1597 2371 1630 2401 ὅ(
1645 2372 1681 2401 de
1696 2381 1754 2409 quo
1767 2373 1948 2412 tenebantur,
1971 2385 2039 2405 cum
2055 2376 2111 2406 aliis
2125 2377 2322 2409 Circumstan-

1263 2415 1331 2451 tiis,
1343 2415 1427 2445 prout
1443 2409 1586 2445 pertinuit:
1605 2419 1704 2440 coram
1719 2420 1778 2448 quo
1794 2409 1915 2442 Comite
1928 2422 2109 2453 compertum
2126 2415 2194 2455 fuit,
2213 2427 2263 2454 per
2279 2417 2326 2447 In-

1265 2448 1461 2514 aeiiiitionem,
1480 2447 1559 2485 quod
1574 2448 1723 2484 praedic‘tus
1735 2449 1899 2486 Johannnes
1919 2451 1951 2480 de
1966 2453 2058 2491 Dryby
2072 2454 2144 2484 obiit
2158 2454 2268 2486 Seisitus
2287 2456 2325 2486 de'

1288 2484 1369 2515 'astro
1388 2484 1424 2514 de
1445 2485 1595 2516 Tatessiale
1609 2509 1618 2524 ,
1643 2486 1778 2517 Manerio
1798 2487 1833 2518 de
1856 2488 1978 2528 Tomby
1991 2514 1999 2527 ‚
2025 2492 2059 2521 ὃ(
2078 2492 2134 2522 aliis
2155 2493 2267 2524 Terris:
2288 2495 2323 2525 &

1266 2523 1345 2560 quod
1357 2522 1502 2561 Johannes
1515 2524 1546 2553 de
1559 2525 1693 2554 Kirketon
1707 2527 1733 2555 se
1747 2527 1852 2556 intrulit
1861 2549 1870 2562 ,
1889 2527 1953 2564 post
1973 2527 2103 2560 Mortem
2125 2531 2253 2568 praediSti
2267 2532 2323 2570 Jo-

1265 2561 1366 2591 hannis
1388 2561 1419 2590 de
1440 2562 1535 2602 Dryby
1547 2585 1556 2600 ,
1581 2564 1614 2593 ὅ(
1639 2566 1791 2601 occupavit
1807 2564 1941 2596 Castrum
1955 2568 1989 2597 ὃς
2005 2568 2110 2599 Terras
2123 2571 2256 2608 praediti&
2272 2581 2323 2608 per

1265 2609 1374 2631 tantum
1389 2609 1515 2638 tempus,
1534 2602 1615 2638 quod
1631 2601 1728 2633 Exitus
1740 2604 1773 2634 &
1789 2603 1838 2632 alia
1857 2604 2003 2643 Proficua,
2022 2607 2089 2637 inde
2103 2607 2322 2648 provenientia,

1263 2638 1290 2668 se
1304 2638 1490 2669 extendebant
1502 2639 1537 2681 ad
1553 2640 1614 2677 plus
1628 2642 1714 2677 quam
1730 2641 1813 2672 Οξὶο
1828 2642 1908 2672 Milia
1924 2643 2088 2675 Marcarum
2103 2669 2113 2684 ,
2140 2647 2217 2678 unde
2231 2647 2324 2678 eidem

1269 2678 1337 2707 Avo
1351 2676 1451 2707 nostro
1467 2678 1623 2715 relponderi
1635 2680 1790 2718 debuisset,
1811 2691 1862 2718 pro
1876 2691 1911 2711 eo
1925 2683 2002 2719 quod
2017 2684 2129 2715 dietum
2144 2685 2276 2717 Castrum
2289 2687 2325 2717 de

1265 2715 1324 2759 ipso
1338 2716 1483 2746 tenebatur
1497 2718 1526 2746 in
1542 2715 1660 2755 Capite,
1678 2727 1762 2755 prout
1775 2729 1824 2756 per
1845 2718 2061 2757 Inquiiitionem
2075 2724 2240 2761 praedistam
2255 2727 2326 2756 exti-

1267 2763 1299 2785 tit
1315 2763 1514 2798 compertum,
1528 2756 1674 2793 praedi‘ehs
1698 2758 1835 2795 Episbopm
1848 2781 1857 2795 ,
1876 2767 1944 2789 tunc
1959 2759 2087 2790 Clericus
2102 2762 2202 2793 Privati
2219 2764 2324 2801 Sigilli,

1266 2793 1333 2824 fecit
1354 2797 1443 2830 ipsum
1466 2793 1564 2824 Avum
1585 2794 1715 2824 nostrum
1738 2796 1895 2826 Remittere
1915 2799 2011 2827 omnia
2031 2798 2129 2829 Exitus
2144 2801 2177 2830 &
2192 2797 2324 2832 Proiicua

1267 2832 1403 2870 praedicta
1413 2855 1421 2868 ,
1448 2841 1501 2869 pro
1516 2831 1565 2862 suo
1579 2833 1703 2871 singulari
1719 2833 1907 2872 Commodo,
1925 2836 2028 2873 absque
2041 2838 2135 2875 aliquo
2150 2840 2167 2857 ²*
2184 2841 2323 2877 capiendo

1265 2871 1320 2940 Ἀεὶ.
1331 2870 1463 2939 habsssndo
1482 2870 1549 2900 inde
1569 2881 1584 2901 a
1604 2871 1744 2909 praedicto
1761 2872 1895 2911 Johanne
1908 2873 1940 2902 de
1950 2875 2101 2914 Kirkaton,
2121 2876 2155 2906 ad
2169 2888 2241 2916 opus
2255 2879 2324 2910 dieti

1296 2919 1323 2940 vi
1339 2920 1378 2939 no
1405 2919 1436 2939 ri.

2348 2879 2451 2931 165.“·

1302 2948 1346 2978 IT
1357 2957 1374 2978 Ε
1384 2956 1439 2992 Μ’,Δ
1451 2947 1545 2986 quod,
1563 2955 1694 2986 tempore
1708 2960 1767 2987 quo
1781 2949 1926 2988 Johanncs
1939 2951 1971 2980 de
1986 2955 2092 2982 Burnet
2108 2953 2262 2993 Episcopus
2282 2955 2323 2986 E·
2360 2958 2371 2964 “

1261 2986 1350 3017 lieiisis
1365 2995 1452 3018 exunt
1466 2986 1661 3017 Thesaurarius
1676 2989 1786 3028 Angliae
1797 3011 1807 3026 ,
1834 2990 1982 3026 praedic'tus
1996 2992 2134 3030 Episcopus
2149 2995 2324 3032 Wyntonien-

1257 3025 1315 3065 fis,
1333 3026 1495 3059 austoritate
1518 3024 1563 3055 sua
1585 3026 1716 3064 proprisi,
1737 3028 1769 3057 ὃ(
1785 3028 1885 3065 absque
1899 3028 2056 3067 Waranto,
2074 3031 2140 3061 fecit
2154 3032 2261 3062 sumere
2274 3042 2323 3063 cx-

1263 3074 1304 3096 tra
1321 3064 1534 3095 Thesaurariam
1548 3064 1630 3099 iplius
1646 3065 1702 3095 Avi
1717 3065 1805 3095 nostri
1819 3067 1968 3096 Summam
1982 3067 2094 3098 Decem
2109 3069 2225 3100 Milium
2243 3070 2323 3101 Mai·-

1265 3113 1381 3140 carum,
1402 3113 1454 3140 pro
1469 3102 1565 3131 Talliis
1580 3103 1662 3139 ipsius
1678 3103 1735 3132 Avi
1750 3103 1839 3133 nostri
1853 3105 1979 3134 emendis
1995 3115 2023 3136 ut
2037 3107 2161 3138 afferuit:
2182 3119 2245 3146 quae
2260 3110 2323 3147 qui-

1263 3142 1331 3173 dem
1340 3142 1457 3172 Summa
1471 3141 1498 3169 in
1509 3139 1601 3170 Manu
1616 3141 1661 3171 suti
1675 3143 1804 3173 remaniit
1820 3153 1868 3180 per
1876 3142 1960 3173 Duos
1975 3143 2076 3174 Annos
2091 3147 2123 3177 ὃ(
2136 3148 2269 3183 amplius:
2290 3149 2323 3178 &

1263 3180 1453 3220 postmodum
1467 3178 1585 3209 restituit
1600 3202 1609 3217 ,
1628 3190 1682 3217 pro
1696 3181 1815 3211 Summa
1832 3181 1964 3218 praedicta
1979 3205 1988 3219 ,
2007 3184 2036 3212 in
2050 3182 2229 3215 Thesauraria
2251 3196 2324 3222 prae-

1264 3220 1339 3250 dieta
1351 3244 1360 3256 ,
1385 3219 1488 3249 Tallias
1512 3217 1538 3247 se
1558 3218 1740 3248 exrendentes
1761 3220 1796 3249 ad
1808 3219 1958 3250 Summam
1973 3220 2136 3252 Duodecim
2154 3222 2270 3253 Milium
2286 3225 2320 3255 &

1265 3255 1660 3299 quingentarunrMarcarum
1676 3258 1720 3288 vel
1735 3259 1828 3296 circa,
1845 3259 1881 3288 ita
1897 3258 1977 3296 quod
1992 3270 2050 3289 non
2066 3260 2205 3300 respondit
2227 3260 2261 3291 ad
2278 3262 2321 3292 Α-

1266 3297 1427 3335 vantagium
1444 3296 1522 3332 iplius
1539 3294 1593 3324 Avi
1610 3295 1697 3325 nostri
1711 3297 1747 3327 de
1756 3296 1876 3327 Duabus
1890 3296 2010 3327 Milibus
2022 3299 2055 3328 δε
2071 3301 2229 3336 quingentis
2238 3298 2321 3330 Mar-

1264 3337 1321 3373 cis,
1341 3336 1390 3365 ubi
1405 3335 1472 3364 emit
1488 3332 1624 3370 quassibet
1638 3334 1764 3365 Centum
1780 3335 1877 3364 Libras
1891 3345 1943 3372 pro
1957 3335 2063 3374 Viginti
2084 3338 2116 3367 &
2132 3339 2256 3374 quinque
2270 3338 2322 3368 Li-

1265 3374 1340 3412 bris,
1358 3374 1394 3404 ita
1416 3371 1495 3410 quod
1519 3370 1731 3403 incrementum
1752 3375 1785 3404 ὃ(
1810 3373 1975 3403 Proficuum
1997 3375 2076 3410 ipsius
2091 3376 2147 3406 Avi
2161 3376 2248 3406 nostri
2264 3377 2323 3407 effe

1264 3412 1405 3443 debuisset
1418 3412 1490 3441 circa
1504 3407 1613 3448 Viginti
1628 3411 1661 3441 &
1677 3411 1794 3450 Septem
1811 3410 1892 3441 Milia
1907 3410 2081 3442 Marcaruni.

1302 3488 1491 3525 Praefatusque
1514 3484 1653 3525 Epifiopus
1682 3487 1871 3527 Wintonienfis
1904 3487 1984 3526 super
2005 3488 2137 3520 Articulis
2159 3490 2318 3531 praediistis,

1264 3527 1452 3596 mtffiipliciter
1464 3524 1555 3556 fuiss'et
1573 3527 1731 3565 impetitus,

1338 3576 1370 3596 os

1301 3589 1516 3635 Considerantes
1536 3601 1672 3640 Dampna
1693 3604 1788 3640 gravia
1808 3604 1842 3634 ὃ(
1862 3602 2053 3636 incommoda
2066 3629 2076 3643 ,
2096 3616 2159 3644 quae
2171 3608 2323 3640 occasione

1266 3641 1481 3683 Imperitionun]
1513 3641 1712 3683 praedictarum
1727 3665 1737 3680 ,
1769 3643 1827 3672 tani
1842 3642 1931 3673 diditus
1949 3645 2087 3682 Episcopus
2107 3647 2298 3686 ijtonienfis
2312 3670 2324 3686 ,

1267 3683 1355 3718 quam
1376 3680 1497 3711 Ecclena
1515 3684 1560 3709 1ua
1583 3679 1750 3718 Wyntoniae
1774 3682 1850 3718 (que
1862 3681 1898 3710 de
1916 3681 2088 3712 Fundatione
2101 3682 2322 3723 Progenitorum

1266 3719 1428 3749 nostrorum
1443 3742 1452 3756 ,
1478 3717 1622 3755 quondam
1645 3718 1760 3757 Regum
1783 3719 1897 3756 Angliae
1910 3744 1919 3757 ,
1938 3721 1971 3750 &
1986 3720 2083 3751 nostro
2098 3721 2250 3754 Patronatu
2262 3725 2322 3754 exi-

1266 3758 1324 3794 stit)
1339 3768 1353 3787 a
1368 3758 1415 3787 diu
1429 3757 1631 3792 sustinuerunt,

1306 3796 1437 3826 Necnon
1459 3794 1653 3824 Revolventes
1668 3794 1779 3825 Oculos
1801 3794 1907 3826 Mentis
1923 3796 2027 3826 nostrae
2041 3797 2073 3827 ad
2089 3797 2194 3837 Grata,
2212 3799 2323 3840 Utilia,

1269 3835 1303 3865 &
1317 3834 1476 3864 Laudabilia
1491 3831 1649 3869 Obsequia,
1669 3833 1749 3863 dieto
1763 3834 1831 3864 Avo
1845 3834 1944 3864 nostro
1961 3858 1969 3871 ,
1987 3845 2036 3872 per
2052 3836 2198 3873 praefatum
2213 3838 2322 3878 Episco-

1263 3880 1328 3911 pum
1344 3869 1572 3912 PVyntonienfi’m,
1589 3880 1686 3907 graves
1702 3873 1734 3902 ὅ(
1747 3872 1922 3910 sumptuosos
1940 3872 2064 3903 Labores
2080 3875 2242 3915 subeundo,
2261 3877 2323 3908 Re-

1268 3912 1379 3941 troaffis
1401 3909 1592 3945 Temporibus
1610 3910 1799 3946 multipliciter
1821 3911 1942 3947 impensa
1956 3935 1964 3948 ,
1989 3922 2022 3941 ac
2045 3912 2188 3952 Magnum
2209 3915 2325 3947 Locum

1270 3959 1355 3988 quern
1368 3948 1482 3985 praefato
1500 3946 1633 3988 quino
1654 3948 1688 3978 &
1703 3947 1778 3978 Patri
1799 3949 1896 3978 nostro
1912 3951 1940 3978 in
1956 3949 2007 3979 suis
2022 3951 2146 3990 Agendis
2158 3953 2325 3984 diverfimoe

1268 3990 1305 4018 de
1321 3988 1425 4024 tenuit,
1444 3987 1477 4016 &
1490 3985 1524 4015 ad
1538 3985 1687 4021 ipecialern
1701 3986 1897 4017 Affeffionem
1919 3988 1952 4017 ὃ(
1966 3988 2101 4020 linceram
2117 3989 2325 4030 Dssefflonem,

1293 4036 1338 4056 uas
1357 4026 1431 4054 idern
1447 4023 1528 4053 Pater
1544 4022 1639 4053 noster
1653 4033 1718 4064 erga
1731 4025 1880 4063 praefatum
1896 4024 2070 4065 Episcopum
2086 4029 2169 4067 geffit
2179 4031 2212 4061 &
2226 4031 2324 4061 habuit

1270 4037 1344 4095 gum
1361 4070 1452 4102 ageret
1467 4063 1495 4091 in
1508 4060 1663 4100 Humanis,
1833 4062 1847 4092 I
2266 4066 2332 4097 Vo-
