2561 4251
89 2030 106 2046 ⁶
128 2029 180 2057 VI.

175 165 254 202 160
604 134 1251 190 CONVENTION

22 242 153 279 Ann.D.
171 255 239 276 nem
254 243 350 282 Regni
364 238 452 271 nostri
466 234 612 275 praediffi,
622 235 762 272 'quotiens
775 242 808 262 ex
819 230 957 261 Hostium
974 226 1132 273 Incursibus
1151 223 1230 255 Peri-

46 284 129 323 1369.
175 284 273 315 culum
288 278 401 320 aliquod
415 277 546 312 imineat,
564 275 596 305 ὅ(
611 273 690 310 super
703 271 760 302 hoc
776 279 810 301 ex
831 277 907 307 parte
927 266 1022 297 nostra
1043 270 1145 296 ruerint
1167 271 1239 302 prae-

27 325 93 353 Edv.
117 332 141 360 3.
175 321 295 358 muniti,

218 360 253 390 Et
267 359 301 388 ad
315 363 414 386 ornnes
429 353 462 383 &
478 350 598 390 singulos
612 346 770 382 huiusmodi
783 345 929 375 Homines
944 342 979 374 ad
1001 342 1088 373 Arma
1104 367 1114 380 ,
1135 340 1238 371 Atma-

181 407 225 430 tos
259 392 447 429 Hobelarios,
475 390 508 421 ὃ(
532 388 696 426 sagittarios
714 387 747 415 ad
767 384 794 414 se
813 384 844 414 in
864 383 957 413 forma
980 381 1113 420 prtedicta
1132 388 1243 411 arman-

183 421 270 472 dum,
289 435 339 470 &,
358 440 407 468 per
423 428 677 459 Incarcerationem
693 423 863 461 Corporum
880 421 1050 457 suorum,&
1068 419 1242 458 Captionem

185 475 332 506 Bonorum
348 470 380 500 δε
391 468 576 501 Catallorum,
584 474 617 495 ac
629 463 784 493 Terrarum
799 460 911 491 suorum
925 462 954 490 in
971 458 1092 489 Manum
1108 458 1244 497 nostram,

186 514 220 544 δε
235 511 291 541 aliis
306 509 356 540 viis
368 508 401 539 &
419 506 510 536 modis
524 504 625 542 quibus
641 501 740 532 melius
753 501 786 532 &
807 499 922 530 celerius
946 498 1076 536 expedire
1097 498 1219 528 videritis
1236 521 1246 536 ,

185 549 311 587 distringi
326 547 359 578 &
375 544 507 583 compelli
521 540 700 573 faciendum:
1000 575 1005 580 Ι

225 587 273 618 De
288 596 346 623 quo
359 583 466 620 nichil,
480 582 524 612 vel
538 580 689 610 modicum
706 603 715 616 ‚
733 578 797 608 licet
814 575 922 606 Gravia
942 574 1071 606 Pericula
1093 574 1193 606 Nobis
1211 576 1244 606 &

185 627 291 665 Regno
307 623 420 659 nostro,
437 631 470 651 ex
484 619 622 650 Hostium
636 617 814 654 incursibus,
833 615 919 645 indies
934 614 1087 650 imineant,
1110 613 1246 644 haitenus

181 675 243 696 non
257 662 378 699 fecistis,
395 670 448 690 nec
464 659 555 689 facere
569 657 668 688 curatis
684 665 714 686 ut
728 654 902 692 accepimus,
919 652 996 683 unde
1012 652 1165 690 plurimum
1174 662 1245 683 con-

186 705 333 735 turbamur
346 701 380 731 &
395 707 554 728 movemur.

225 741 261 771 Er
275 741 338 779 quia
352 737 477 773 Gillici,
494 734 608 766 Inimici
627 732 732 769 nostri,
755 729 884 760 dissoluta
904 739 954 767 per
976 739 1025 759 eos
1052 728 1128 759 Pace
1144 752 1153 768 ‚
1173 727 1247 767 apud

190 779 332 811 Calesium
347 778 419 806 inter
436 775 504 805 Nos
517 775 550 804 ὃς
567 772 639 812 ipsos
651 771 755 802 ultimo
770 769 857 807 inita,
873 767 1013 812 Dominia
1029 768 1140 805 nostra,
1160 769 1187 798 in
1205 768 1249 798 di-

186 813 550 854 verfispartibus-Franciae
561 813 594 842 δε
609 810 786 847 Aquitaniae,
805 807 941 837 hostiliter
957 807 993 837 de
1015 806 1126 837 Guerra
1145 807 1248 837 invase-

191 866 273 895 runt,
291 856 324 885 δε
340 853 454 891 Castra,
470 851 624 889 Civitates,
643 848 740 885 Villis,
758 847 791 876 &
804 847 854 876 alia
871 845 951 876 Loca
963 845 1072 883 nostra,
1091 845 1196 876 ibidem
1205 847 1247 875 in-

191 895 314 927 terfectis
328 892 467 924 Fidelibus
483 886 600 926 nostris,
620 889 648 918 in
663 889 700 917 eis
717 884 912 922 existentibus,
923 893 1079 926 ceperunt,
1091 884 1124 915 &
1140 884 1174 915 ad
1184 884 1249 916 Ma-

192 945 244 965 nus
259 934 315 963 suas
332 930 482 970 posuerunt
495 952 504 966 ,
521 929 554 960 δί
569 937 601 957 ea
617 927 651 957 fic
667 932 811 961 occupant
826 924 857 954 δε
873 923 1010 959 detinent,

230 972 283 1011 Et,
300 980 359 1001 non
375 969 467 999 solum
482 968 517 999 de
531 967 589 997 hoc
604 965 747 1000 contenti,
766 961 905 1000 NQnam
917 959 1044 990 Classem
1065 960 1198 991 Navium
1217 962 1250 992 &

193 1011 366 1046 Grumum,
385 1010 414 1039 in
425 1007 536 1038 diversis
555 1001 677 1043 partibus
689 1025 699 1041 ,
721 1002 799 1038 super
822 998 947 1031 Costeris
973 997 1126 1029 Maritimis
1140 1023 1150 1037 ,
1182 1009 1252 1030 cum

196 1049 381 1082 Multitudine
402 1047 600 1080 Armatorum,
618 1041 764 1082 pararunt,
782 1039 814 1068 &
830 1038 981 1075 festinant,
995 1037 1114 1067 adcitins
1129 1048 1188 1076 quo
1194 1047 1253 1106 βο-

192 1097 290 1120 terunt
300 1110 310 1126 ‚
328 1086 362 1116 ad
376 1083 573 1115 Invadendum
588 1081 727 1120 Regnum
743 1076 874 1108 nostrum
888 1076 1057 1115 Angliae,ad
1072 1075 1140 1106 Nos
1154 1077 1187 1108 &
1219 1086 1253 1106 0-

220 1128 297 1157 ulum
312 1123 443 1155 nostrum
464 1122 534 1152 infra
553 1122 639 1151 breve
660 1115 888 1156 Expugnandurn
910 1114 944 1145 &
967 1114 1202 1153 Destruendum,
1220 1116 1254 1146 &

232 1164 374 1195 ominium
389 1161 519 1193 nostrum
535 1169 587 1198 pro
603 1158 706 1188 viribus
721 1153 965 1186 Subvertendum:

237 1203 321 1241 Nos,
338 1200 480 1237 volentes,
500 1209 549 1236 per
565 1197 622 1227 Dei
635 1196 769 1235 gratiam,
786 1192 948 1237 hujusmodi
963 1192 1107 1231 Dampnis
1123 1194 1156 1224 &
1179 1192 1257 1223 Peri-

200 1243 269 1274 culis
282 1248 450 1276 occurrere,
467 1238 500 1268 &
517 1235 667 1267 Salvationi
682 1234 715 1264 δε
733 1231 901 1276 Detenfioni
914 1229 1009 1274 Regni
1022 1233 1055 1263 &
1079 1231 1181 1270 Populi
1205 1242 1258 1262 no-

200 1282 340 1317 strorum,
359 1278 387 1308 in
400 1285 537 1316 quantum
559 1273 727 1312 poterimus,
746 1280 796 1301 vus
809 1270 843 1300 &
857 1269 950 1299 modis
971 1271 1106 1300 omnibus
1125 1271 1259 1310 provide-

202 1331 250 1358 re,
267 1318 351 1348 vobis
366 1317 396 1346 in
416 1315 485 1345 Fide
499 1315 533 1345 &
549 1309 710 1352 Ligeantia,
734 1310 835 1348 quibus
857 1308 941 1352 nobis
964 1309 1102 1339 tenemini
1118 1333 1129 1347 ,
1154 1309 1187 1340 &
1209 1308 1259 1340 sub

202 1355 390 1390 Forisfaetura
406 1354 482 1384 Vitae
497 1353 530 1383 &
547 1351 754 1381 Membrorum
769 1348 803 1378 &
824 1355 957 1390 omniurn
976 1347 1096 1379 aliorum
1117 1357 1181 1386 quae
1206 1358 1260 1378 no-

200 1398 244 1428 bis
258 1394 419 1427 forisfacere
432 1391 559 1431 poteritis
569 1413 578 1427 ,
596 1387 778 1424 mandamus,
793 1385 945 1416 districtius
956 1395 1016 1424 quo
1037 1389 1193 1426 poterimus
1214 1386 1259 1417 ln-

199 1437 364 1475 jungentes,
383 1431 462 1470 quod
471 1453 481 1469 ,
500 1428 677 1460 consideratis
690 1425 831 1469 Dampnis
844 1425 877 1455 &
892 1423 1028 1468 Periculis
1042 1425 1194 1464 praedietis,
1202 1435 1261 1457 tan-

203 1474 233 1505 ta
247 1471 407 1503 necessitate
419 1469 546 1501 causante
559 1490 569 1505 ‚
593 1466 726 1497 omnibus
748 1464 806 1494 altis
827 1462 1021 1502 praetel'mlffisl
1064 1463 1262 1495 Munitionem

205 1513 363 1544 Armorum
384 1510 417 1540 &
440 1507 645 1537 Arraiationem
668 1503 834 1543 praedietarn
855 1524 865 1539 ,
879 1501 925 1545 ⁶de
947 1486 1056 1541 singul'is
1083 1501 1264 1534 Hominibus

206 1550 364 1591 praeditstiS,
383 1549 413 1577 in
427 1545 573 1577 Comitatu
591 1542 727 1582 praediCto
737 1564 747 1579 ,
763 1541 834 1571 infra
850 1540 1020 1578 Libertates‚
1038 1542 1072 1573 &
1084 1548 1178 1580 extra,
1196 1551 1263 1581 qua-

209 1598 334 1627 cumque
346 1586 477 1616 dilatione
490 1581 659 1622 postposita,
676 1582 704 1611 in
717 1578 977 1622 formapraedieta(
985 1580 1092 1610 nemini
1103 1580 1132 1610 in
1146 1580 1198 1611 hac
1206 1590 1265 1619 par-

209 1637 255 1665 te,
271 1625 472 1665 cujuscumque
488 1621 580 1653 Statfis
594 1621 640 1651 seu
653 1619 836 1650 Conditionis
853 1617 953 1656 fuerit,
971 1617 1134 1656 parcendo)
1160 1618 1220 1650 fieri
1233 1620 1267 1652 &

209 1665 347 1705 compleri
361 1663 465 1694 faciatis
475 1673 485 1699 ς,

249 1704 291 1735 Ita
306 1701 385 1741 quod
397 1711 496 1732 omnes
509 1698 654 1730 Homines
669 1696 797 1736 praediziti
813 1693 978 1733 (videlicet)
995 1694 1112 1733 quilibet
1127 1697 1200 1734 juitta
1208 1696 1268 1727 Sta-

211 1752 274 1775 tum
285 1766 293 1781 ,
313 1739 499 1772 Posseffiones
513 1761 522 1776 ,
540 1738 573 1768 ὅ(
588 1737 740 1766 Facultates
754 1735 829 1777 suas,
848 1733 924 1763 bene
939 1733 1067 1771 Armati,
1085 1733 1217 1772 Arraiati,
1237 1736 1270 1766 &

215 1782 307 1813 Triati
316 1804 325 1819 ,
344 1779 466 1817 prompti
477 1776 569 1806 sint&
579 1775 660 1812 parati
670 1774 703 1804 ad
720 1770 952 1812 profiscicendum
963 1793 973 1809 ,
990 1772 1019 1801 in
1034 1771 1211 1812 Obsequium
1218 1783 1273 1803 no-

218 1820 328 1856 strum,
348 1827 446 1848 contra
460 1815 554 1845 dictos
567 1813 704 1842 inimicos
726 1810 861 1853 nostros,
886 1808 920 1839 ad
944 1810 1015 1849 ipsos
1037 1812 1273 1851 expugnandum,

216 1856 412 1889 debellandum
423 1878 433 1894 ‚
448 1855 481 1886 &
496 1850 710 1889 destruendum,
727 1850 759 1880 δε
775 1847 915 1891 Malitiarn
931 1858 1031 1878 eorum
1045 1851 1274 1888 propulsandum,

217 1897 289 1928 infra
304 1895 441 1926 Reonum
457 1891 603 1928 nostrum,
612 1890 660 1920 ubi
674 1889 707 1921 ὅ(
723 1887 837 1927 quando
849 1885 1012 1918 Periculum
1023 1887 1138 1927 aliquod
1150 1890 1276 1928 imineat,

217 1938 251 1968 &
268 1919 378 1965 neceti}
391 1932 491 1969 fuerit3

257 1974 366 2006 Taliter
379 1982 428 2003 vos
443 1970 576 2001 habentes
592 1968 621 1997 in
635 1966 687 1997 hac
703 1974 780 2003 parte
799 1966 853 2002 ne,
872 1972 985 2002 propter
997 1963 1033 1995 N
1034 1965 1224 2005 egligentiam,
1232 1966 1278 1997 seu

220 2012 415 2051 Tepiditatem
432 2008 551 2040 vestram
585 2006 630 2036 seu
643 2006 673 2035 in
688 2003 772 2034 vestri
788 2003 965 2042 Desectam,
992 2005 1010 2021 ⁸*
1039 2003 1210 2044 Dampnum
1233 2005 1279 2036 seu

225 2051 387 2084 Periculum
400 2047 513 2117 aciliquod
528 2030 625 2076 bfobis
638 2051 683 2074 aut
703 2043 796 2074 eidem
817 2041 923 2081 Regno
945 2042 1045 2080 (quod
1064 2044 1148 2079 absit)
1171 2045 1281 2076 eveniat

246 2101 282 2122 uo
304 2100 342 2120 uo
360 2098 409 2119 mo
429 2098 457 2117 0.

223 2103 241 2132 q
264 2100 300 2159 Eci
315 2126 512 2158 nichilominus
529 2125 557 2153 in
571 2121 680 2161 singulis
690 2118 872 2164 Hundrodis,
889 2118 1123 2158 wapentachiis,
1151 2119 1281 2151 Civitati-

227 2170 280 2200 bus
313 2167 429 2203 Burgis,
448 2163 528 2194 Villis
541 2161 735 2196 Mercatorris,
753 2159 895 2189 Portubus
910 2157 998 2188 Maris
1012 2181 1022 2196 ‚
1048 2159 1081 2190 &
1103 2159 1160 2189 aliis
1180 2159 1284 2197 Locis,

226 2209 255 2238 in
273 2192 421 2236 &omit-atu
434 2201 586 2242 praediffilo,
601 2200 651 2230 ubi
666 2197 762 2228 melius
774 2196 906 2236 expedire
920 2197 1043 2227 videritis
1056 2221 1065 2236 ,
1083 2198 1155 2228 infra
1184 2197 1284 2228 Liber-

226 2255 294 2277 tates
310 2245 342 2274 &
358 2252 449 2280 eittra,
468 2240 582 2278 public‘e
596 2237 760 2276 proclamari
775 2235 879 2266 faciatis
894 2236 973 2274 quod
988 2245 1088 2265 omnes
1109 2237 1142 2267 &
1164 2235 1261 2276 singuli
1275 2259 1285 2274 ,

226 2286 298 2315 inter
314 2281 423 2313 AEtates
436 2279 598 2320 ptaedi&a5,
617 2276 652 2306 de
675 2276 775 2305 eodem
800 2274 946 2316 Comitatu
971 2274 1140 2310 (videlicet)
1167 2275 1286 2313 quilibet

227 2331 327 2354 eorum
340 2319 483 2358 cujuscum
505 2326 538 2346 ue
553 2313 646 2346 Status
658 2313 703 2343 seu
720 2312 902 2343 Conditionis
914 2313 1014 2351 fuerit,
1034 2313 1083 2343 sub
1104 2313 1288 2344 Forisfaetura

230 2359 381 2401 praedi&a‚
400 2359 473 2396 juxta
507 2363 613 2390 tatum,
633 2352 834 2389 Pollessiones,
856 2352 889 2382 &
910 2351 1066 2381 Facultates
1088 2350 1145 2382 suas
1157 2375 1168 2390 ,
1187 2352 1288 2382 armari

230 2402 264 2431 ὃς
288 2398 393 2429 muniri
416 2395 442 2426 se
456 2394 574 2431 faciant,
600 2400 669 2421 cum
692 2391 772 2420 omni
792 2391 950 2427 celeritate,
975 2390 1003 2418 in
1025 2389 1118 2419 forma
1137 2390 1287 2427 praedffita,

203 2448 205 2451 ⁴
233 2440 269 2468 ita
284 2435 362 2475 quod
378 2434 442 2474 ipsi,
459 2441 559 2463 omnes
574 2430 606 2460 δε
622 2429 734 2468 singuli,
750 2428 823 2457 bene
841 2426 966 2465 Muniti,
986 2428 1110 2466 Armati,
1125 2430 1159 2460 ὃς
1181 2429 1288 2459 Anaia-

234 2477 272 2513 ti,
291 2474 414 2512 prompti
428 2473 479 2502 sint
497 2472 529 2501 &
541 2469 625 2509 par-ati
637 2469 670 2497 ad
685 2465 938 2505 profiscicendum,
956 2466 1012 2496 una
1024 2476 1091 2496 cum
1112 2467 1166 2497 aliis
1188 2467 1291 2497 Fideli-

234 2515 287 2544 bus
302 2512 418 2549 nostris,
437 2511 507 2540 infra
522 2510 598 2538 idem
616 2507 768 2545 Regnum,
785 2514 884 2535 contra
899 2504 992 2534 dinus
1006 2504 1113 2535 Hostes
1130 2505 1257 2542 nostros,
1272 2506 1291 2536 si

235 2551 302 2583 illud
316 2560 348 2580 ex'
362 2551 450 2587 aliqua
465 2555 539 2585 parte
553 2545 658 2584 ingredi
675 2543 912 2585 praesumpseriut,
931 2552 983 2580 pro
998 2542 1170 2581 Repulsione
1182 2545 1214 2576 ὃς
1231 2544 1292 2575 De-

236 2590 389 2622 structione
406 2587 540 2616 Hostium
559 2583 776 2622 praedictorum,
795 2586 862 2611 sicut
878 2581 1045 2618 praedictum
1062 2581 1110 2611 est.

273 2626 360 2660 Teste
375 2624 456 2664 Rege
470 2624 543 2662 apud
561 2620 869 2658 westmonasterium,
888 2619 1010 2650 secundo
1028 2621 1074 2650 die
1083 2619 1163 2660 Julii.

630 2701 683 2728 Per
700 2696 781 2737 ipfitm
800 2699 895 2734 Regem
912 2695 949 2729 ζζν
964 2696 1118 2726 Concilium.

238 2782 349 2815 Eodem
367 2779 457 2810 modo
469 2777 637 2815 assignantur
653 2773 794 2804 Custodes
807 2772 886 2803 Pacis
899 2772 931 2803 &
944 2772 1136 2803 Vicccomitcs
1150 2775 1177 2804 in
1193 2774 1296 2806 Comi-

275 2822 373 2888 tatiblus
388 2820 419 2849 &
436 2818 519 2847 Locis
533 2815 705 2852 subscriptis,
728 2812 1004 2850 mutatisrtnutandis,
1024 2811 1074 2842 sub
1088 2813 1188 2843 eadem
1203 2813 1297 2852 Data,

276 2860 341 2892 vide
353 2866 424 2895 icet,

279 2934 421 2977 Custodes
432 2932 513 2979 Pacis
528 2932 556 2961 in
572 2930 719 2961 Comitatu
732 2929 852 2966 Surriae,
869 2927 902 2958 &
916 2928 1084 2959 vicecomes
1101 2927 1220 2966 ejusdem
1238 2928 1299 2960 Co-

349 2980 469 3002 mltatus.

282 3009 520 3079 Custgdequaqis
535 3006 728 3062 irrComitatu
749 3005 882 3037 Suffexiae
898 3028 908 3044 ,
932 3005 965 3035 &
987 3004 1160 3036 vicecomes
1182 3005 1303 3043 ejusdem

382 3056 529 3083 on'ntatuS,
546 3056 605 3080 oc.

431 3174 484 3206 De
502 3168 684 3213 pensionibus
700 3171 870 3216 alienigenis
883 3183 938 3201 non
951 3167 1115 3214 Jblvcndis.

253 3258 372 3319 REX
408 3257 514 3289 diletsto
528 3255 578 3286 fibi
593 3256 622 3285 in
637 3254 769 3292 Christo,
789 3254 879 3285 Priori
896 3255 932 3284 de
946 3254 1089 3293 Spaldyng
1101 3277 1111 3292 ,
1136 3252 1269 3284 Salutem.

227 3299 233 3307 ‘
365 3281 465 3335 dum,
481 3296 520 3325 ob
536 3304 621 3324 certas
635 3294 667 3323 &
686 3294 822 3331 legitimas
844 3294 934 3323 causas
948 3316 957 3330 ,
982 3303 1082 3322 omnes
1112 3290 1252 3322 Prioratus
1273 3291 1307 3322 &

201 3339 207 3344 '
255 3337 372 3368 Domos
387 3333 586 3374 Religosorum
601 3331 845 3370 Alienigenarum,
869 3331 903 3361 de
924 3331 1066 3362 Potestare
1087 3331 1212 3361 Franciae
1224 3352 1234 3367 ,
1254 3332 1308 3360 una

214 3377 219 3382 '
255 3386 323 3407 cum
337 3375 437 3411 Teris,
456 3375 488 3404 &
501 3371 700 3407 Tenementis,
720 3369 804 3400 Bonis
819 3392 828 3406 ,
856 3369 1025 3400 Redditibus
1040 3391 1050 3407 ,
1073 3371 1106 3400 ὃς
1128 3368 1308 3398 Possessioni-

214 3438 237 3449 ,t
256 3415 325 3451 bus,
343 3413 377 3443 ad
391 3411 502 3442 eosdem
517 3410 657 3440 Prioratus
670 3409 703 3438 &
718 3408 834 3438 Domos
848 3407 1049 3446 speStantibus,
1068 3408 1104 3438 de
1122 3406 1226 3437 assensu
1241 3406 1308 3437 Par-

230 3450 241 3466 9
258 3452 382 3482 liamenti
397 3449 508 3486 nostri,
526 3449 682 3485 ceperimus
698 3447 724 3476 in
740 3455 857 3476 manum
874 3447 1008 3484 nostram,

294 3489 384 3520 Vobis
399 3488 579 3524 mandamus,
598 3485 714 3515 firmiter
727 3485 917 3522 injungentes,
941 3484 1021 3524 quod
1042 3483 1098 3515 illas
1120 3482 1311 3522 Qadraginta

207 3525 216 3534 ⁸
258 3529 374 3565 Libram,
388 3537 453 3565 quas
474 3526 578 3556 Abbati
594 3523 691 3554 Sanffl
704 3522 839 3553 Nicholai
856 3523 967 3561 Andeg.
986 3523 1177 3561 Alienigenae‚
1195 3522 1231 3552 de
1254 3521 1310 3552 Ρο-

258 3566 355 3598 testate
370 3565 514 3602 francian,
527 3564 670 3592 annuatim
684 3561 791 3590 solvere
804 3562 939 3591 tenemini
955 3583 965 3598 ,
987 3571 1072 3599 penes
1093 3570 1160 3598 VOS,
1185 3561 1218 3589 ad
1239 3570 1311 3598 opus

258 3605 406 3640 nostrum,
423 3602 576 3637 retineatis,
595 3602 627 3631 &
640 3600 717 3629 salvo
734 3599 866 3629 custodiri
879 3599 1000 3637 faciatis,
1017 3600 1111 3638 quous
1126 3608 1160 3628 ue
1179 3599 1252 3629 aliud
1267 3601 1308 3628 in-

259 3644 295 3674 de
308 3643 466 3672 duxerimus
480 3638 685 3674 ordinandum,
704 3639 769 3675 quic
793 3647 855 3667 uam
877 3637 942 3667 inde
964 3639 1083 3675 praefato
1134 3637 1210 3666 bbati
1224 3659 1234 3675 ‚
1263 3638 1313 3667 sub

253 3681 386 3720 ‚periculo
401 3678 478 3719 quod
492 3677 647 3714 incumbit,
664 3675 763 3714 absque
818 3674 918 3706 andato
933 3676 1031 3707 nostro
1043 3675 1171 3713 speciali,
1189 3685 1248 3706 non
1260 3675 1314 3706 sol-

263 3728 367 3749 ventes.

298 3792 388 3823 Teste
402 3791 484 3833 Rege
501 3790 575 3832 apud
588 3788 876 3821 Westmonasterium
890 3791 976 3821 tertio
989 3789 1035 3821 die
1046 3788 1122 3829 Julii.

1282 133 1314 174 E
1341 135 1401 181 s,
1479 132 1514 172 L
1544 132 1562 171 1
1588 131 1630 171 T
1656 131 1691 171 E
1719 130 1761 170 R
1790 130 1844 170 AE
1863 160 1876 180 ,

1316 216 1484 249 Confimilia
1505 216 1601 247 Brevia
1623 215 1778 256 diriguntur
1797 214 1954 252 subscriptis
1971 235 1982 251 ,
2007 213 2058 245 sub
2079 211 2179 249 eadem
2206 210 2294 251 Datin
2353 208 2428 240 Arm.
2442 208 2484 240 D.

1736 253 1884 291 videlicet,
2358 246 2469 323 Εἶίὶ69ἐ

1317 333 1411 364 Priori
1424 333 1460 364 de
1472 332 1568 364 Novo
1588 331 1673 367 loco,
1696 330 1770 367 iuxta
1793 328 1937 366 Ancolm‚
1965 337 2018 365 pro
2042 337 2097 358 100
2120 328 2163 369 ελ,

1282 382 1354 412 quos
1368 372 1473 403 Abbati
1488 372 1523 401 de
1539 365 1733 409 Longevillers
1746 367 1920 406 Alienigenae
2159 373 2163 383 ·
2216 384 2226 412 l
2329 395 2339 402 ‚

1320 411 1427 442 Abbati
1441 411 1477 441 de
1490 409 1663 445 Thornton,
1681 416 1734 446 pro
1747 416 1785 436 20
1801 405 1820 435 l.
1837 415 1903 442 quas
1918 403 2024 449 Abbati
2037 403 2073 434 de
2094 402 2144 433 A1-
2161 386 2282 450 ligiis:
2302 390 2339 448 ιζ,

1282 451 1319 481 ba
1335 449 1438 479 Marlia
1454 448 1545 478 Alien'
1566 457 1627 478 enae
1641 456 1693 485 pro
1708 444 1827 475 Duabus
1839 443 2025 474 Penfiombus
2220 435 2228 450 ¹
2241 462 2246 467 .
2299 428 2313 459 Ρ

1320 487 1424 518 Abbati
1440 487 1475 517 de
1487 487 1536 516 Ru
1581 486 1613 516 rd
1629 494 1683 524 pro
1704 494 1743 514 20
1758 482 1778 512 l.
1791 493 1858 521 quas
1880 481 1985 512 Abbati
2006 481 2042 511 de
2065 479 2150 510 Clara
2165 461 2299 527 χ’ζῖἶὶζιξζῢ

1284 526 1366 596 {alge
1381 526 1558 594 sslienigeme
1571 547 1580 563 ,
1596 534 1649 564 pro
1672 523 1765 553 Firma
1785 520 1946 553 Medietatis
1964 519 2099 552 Ecclefiae
2117 518 2153 549 de
2154 545 2174 590 j
2300 519 2308 527 '

1316 575 1334 595 o
1356 575 1384 595 er
1405 574 1453 595 arn
1988 568 1995 574 ’

1330 691 1426 723 Ducis
1448 684 1634 728 Bourboniae,
1655 695 1710 731 pro
1743 681 1892 729 Dalphino
1918 681 1954 716 de
1982 682 2136 717 Alvernia
2152 708 2162 725 ‚
2195 683 2302 714 Litera

1710 731 1913 779 Obligatoria.

1291 823 1343 881 A
1362 823 1451 854 Touz
1470 830 1561 861 ceuz,
1579 821 1608 857 qi
1627 818 1715 851 cestes
1735 819 1844 849 Lettres
1862 823 1977 848 verront
1996 827 2035 847 ou
2051 825 2167 853 errent,
2187 815 2263 856 Loys
2275 815 2345 846 Duc
2368 811 2442 842 Ann.
2458 810 2500 842 D.

1365 863 1400 892 de
1418 862 1550 897 Burbon,
1570 859 1668 905 00¹¹}ss
1686 859 1721 888 de
1741 856 1918 894 Clermond,
1945 857 1977 886 ὅ(
2003 854 2179 886 Chamberer
2200 855 2236 885 de
2260 854 2347 885 Fran·
2393 851 2477 890 1369.

1289 901 1441 1008 Ξῗέἒέιὲῑ,
1456 898 1798 972 ῗζὲίῐὶᾚτῇἑῗιεῗὲιὲὃὲἒὲη,
1818 932 1954 964 Messieur
1973 932 2084 971 Berard,
2103 929 2201 962 Conte
2219 929 2347 970 Dalphin
2367 893 2480 994 {gj-

1353 988 1419 1008 uver
1440 987 1476 1007 ne
2469 981 2480 986 ·

1331 1015 1409 1046 Pour
1421 986 1564 1046 geert’eines
1582 1012 1664 1052 justes
1688 1012 1721 1043 &
1746 1010 1907 1041 necessaires
1931 1011 2023 1042 causes
2041 1032 2052 1049 ,
2076 1010 2110 1040 &
2135 1018 2209 1047 pour
2235 1008 2354 1048 especial
2370 1013 2436 1043 togr.

1312 1064 1364 1084 our
1382 1055 1407 1084 sa
1426 1053 1598 1083 Deliurance
1613 1050 1765 1089 d‘Ostage,
1783 1050 1829 1088 luy
1850 1048 1924 1086 quiel
1943 1049 1962 1078 il
1983 1050 2054 1080 tient
2077 1048 2175 1079 devers
2187 1071 2196 1086 ,
2219 1048 2248 1079 le
2272 1047 2355 1078 Haut

1319 1094 1415 1137 rince,
1433 1092 1458 1122 le
1477 1091 1538 1122 Roi
1557 1090 1771 1129 d'Engleterre‚
1790 1098 1805 1117 a
1825 1087 1905 1118 cause
1921 1087 1960 1118 du
1984 1087 2046 1118 Roi
2072 1088 2108 1118 de
2130 1087 2239 1118 France
2261 1086 2357 1118 nostre

1347 1140 1364 1154 ⁰

1297 1131 1459 1200 8818ςὲῑῖυὲίῖ
1478 1167 1603 1205 Obligez
1619 1176 1652 1197 au
1669 1165 1711 1197 dit
1729 1165 1790 1196 Roi
1809 1163 2016 1204 d’Engleterre,
2033 1165 2067 1195 &
2092 1175 2108 1195 a
2132 1163 2170 1194 ses
2191 1164 2276 1195 Heirs
2291 1170 2313 1202 ,·
2321 1173 2358 1195 en

1296 1208 1397 1239 Dusze
1418 1207 1485 1237 Mill
1504 1206 1618 1237 Nobles
1634 1204 1724 1243 d’Or,
1742 1204 1778 1234 de
1797 1204 1821 1234 la
1841 1203 1963 1235 Monoie
1982 1203 2195 1242 d’Engleterre',
2216 1213 2233 1233 a
2251 1204 2324 1240 paier
2343 1212 2360 1232 a

1297 1256 1395 1283 quatre
1413 1247 1536 1276 Termes
1556 1255 1605 1282 par
1623 1243 1724 1282 esgales
1746 1242 1880 1273 Portions
1905 1240 2130 1278 (c'estassavoir)
2150 1251 2167 1271 a
2185 1241 2210 1272 la
2227 1240 2307 1273 Feste
2323 1241 2361 1272 de

1299 1286 1471 1316 Toussaintz
1489 1283 1635 1323 proschein
1654 1282 1740 1312 Trois
1758 1281 1854 1312 Milles
1873 1281 2004 1318 Nobles,

1299 1363 1308 1393 l
1339 1322 1509 1392 ANlabIlTeste
1526 1321 1561 1352 de
1579 1320 1717 1359 Pasques,
1734 1319 1838 1350 dessors
1856 1319 2003 1358 proschein
2020 1319 2154 1357 ensuant,
2180 1316 2267 1348 Trois
2288 1316 2361 1348 Mil-

1310 1373 1338 1394 es
1393 1372 1412 1392 o
1444 1372 1485 1398 es,

1339 1401 1366 1432 A
1382 1401 1405 1430 la
1423 1400 1503 1431 Feste
1518 1398 1554 1429 de
1570 1398 1595 1428 la
1615 1396 1748 1427 Nativite
1772 1395 1852 1426 Seint
1872 1394 1967 1434 Johan
1989 1394 2140 1435 Baptistre‚
2165 1394 2271 1434 adonqs
2287 1394 2366 1433 pros·

1301 1440 1386 1471 chein
1407 1439 1546 1475 ensuiant⁷
1576 1436 1664 1466 Trois
1682 1434 1779 1465 Milles
1792 1434 1919 1473 Nobles,
2233 1456 2241 1460 -

1340 1479 1358 1497 *
1378 1477 1414 1508 Et
1432 1478 1457 1507 la
1477 1475 1558 1506 Feste
1573 1475 1608 1505 de
1626 1474 1704 1504 Seint
1722 1472 1832 1504 Michel
1870 1473 1972 1504 deslors
1984 1472 2131 1512 proschein
2147 1481 2264 1511 venant,
2277 1472 2366 1503 Trois
2386 1480 2405 1500 at
2425 1482 2467 1510 VI

1306 1515 1403 1547 Milles
1422 1515 1555 1552 Nobles,
1574 1513 1658 1544 tielles
1674 1521 1761 1542 come
1779 1495 1880 1550 desst'is,
1922 1545 1924 1547 ,
2468 1502 2477 1512 ⁴

1345 1554 1401 1593 Et,
1419 1554 1458 1584 s’il
1477 1564 1492 1593 y
1511 1553 1586 1582 avoit
1604 1560 1713 1582 aucune
1732 1549 1857 1581 Defaute
1874 1550 1922 1581 des
1950 1549 2117 1581 Paiementz
2131 1573 2141 1589 ‚
2166 1560 2239 1589 que,
2264 1548 2368 1580 tantost

1306 1603 1403 1632 apres,
1421 1591 1531 1623 dedanz
1548 1600 1586 1621 un
1607 1588 1694 1629 Moys
1712 1588 1876 1628 proschein,
1892 1590 1912 1619 il
1928 1589 2132 1620 Retourneroit
2148 1599 2164 1619 a
2185 1588 2236 1619 son
2260 1588 2369 1620 Hosta-

1307 1641 1401 1714 gel’sst,
1417 1668 1540 1708 pendant
1557 1668 1584 1698 le
1601 1667 1642 1697 dit
1660 1666 1825 1704 Paiement,
1843 1666 1860 1696 il
1878 1676 1916 1700 ne
1933 1666 2101 1698 s’Armeroit
2133 1676 2170 1698 ne
2189 1666 2290 1698 Armes
2305 1677 2373 1706 por-

1310 1717 1412 1746 ter01t,
1431 1718 1466 1738 en
1485 1707 1561 1738 nulle
1581 1706 1661 1745 place
1679 1705 1717 1735 du
1741 1704 1869 1743 Monde,
1886 1714 2024 1736 encontre
2042 1705 2068 1736 le
2108 1707 2128 1736 it
2154 1705 2214 1737 Roi
2237 1706 2371 1746 d'Engle-

1312 1756 1385 1778 terre
1400 1769 1410 1785 ,
1429 1757 1464 1776 ne
1480 1754 1616 1776 encontre
1631 1753 1740 1774 aucune
1760 1742 1880 1773 Persone
1897 1744 1933 1774 de
1951 1743 1976 1774 sa
2001 1743 2189 1783 Obeiffince,
2212 1744 2372 1785 Ligaunus,

1313 1796 1350 1816 ne
1366 1785 1530 1823 Subiection
1540 1808 1549 1823 ‚
1567 1793 1618 1822 pur
1636 1792 1746 1813 aucune
1762 1781 1857 1819 cause,
1874 1791 1930 1821 que
1947 1780 2038 1821 puiffe
2052 1783 2166 1821 avenir,

1355 1823 1442 1854 Nous
1461 1823 1556 1863 Loys,
1576 1821 1646 1852 Duc
1665 1821 1814 1857 devandit,
1834 1830 1884 1858 pur
1905 1821 1964 1858 plus
1982 1820 2088 1859 grande
2106 1820 2237 1852 Seuretee
2255 1822 2322 1854 faire
2338 1833 2374 1855 au

1316 1863 1357 1894 dit
1375 1861 1436 1892 Roi
1453 1860 1659 1900 d'Engleterre,
1677 1860 1720 1889 sur
1738 1860 1775 1889 les
1793 1858 1902 1889 Choses
1918 1858 2091 1890 devantdites
2108 1882 2117 1898 ,
2142 1859 2178 1890 de
2203 1860 2299 1892 nostre
2314 1871 2376 1892 cer·
2405 1886 2407 1888 .

1319 1902 1395 1932 teine
1413 1900 1534 1931 Science
1550 1900 1583 1930 &
1602 1898 1748 1938 aggreable
1766 1897 1881 1929 volente
1895 1921 1905 1936 ,
1929 1897 2027 1928 defore
2050 1908 2086 1929 en
2105 1907 2188 1930 avant
2200 1921 2211 1937 ‚
2234 1899 2380 1930 devenons

1319 1940 1418 1979 Pleger
1436 1940 1470 1970 &
1488 1938 1623 1975 Fiancer,
1641 1937 1676 1968 δε
1693 1937 1787 1966 auxint
1805 1935 1930 1967 Dettour
1949 1935 2088 1974 Principal
2099 1947 2212 1973 ,envers
2228 1938 2254 1968 le
2267 1938 2379 1969 ditRoi

1319 1978 1394 2009 d’En
1414 1978 1528 2015 leterre‚
1546 1977 1579 2008 &
1598 1977 1637 2006 ses
1665 1974 1752 2005 Heirs
1765 1997 1775 2013 ‚
1797 1984 1866 2014 pur,
1890 1974 1985 2005 nostre
2009 1974 2051 2005 dit
2074 1974 2183 2006 Cousin
2198 1999 2208 2014 ,
2233 1977 2259 2007 le
2283 1975 2381 2009 Conte

1323 2017 1399 2054 Dalp
1421 2017 1467 2055 in,
1484 2016 1520 2047 de
1534 2023 1625 2046 toutes
1644 2015 1683 2045 les
1699 2013 1801 2044 Somes
1815 2013 2005 2051 devantdites‚

1360 2054 1559 2086 Promettantz
1596 2064 1643 2092 par
1663 2053 1687 2083 la
1706 2051 1758 2082 Foi
1776 2051 1813 2082 de
1830 2052 1926 2082 nostre
1946 2051 2058 2091 Oorps,
2075 2054 2109 2084 δε
2133 2054 2174 2083 sur
2198 2053 2296 2085 nostre
2316 2054 2384 2086 Ho-

1326 2094 1448 2138 neurl&
1466 2092 1545 2124 Estat
1561 2078 1598 2122 de
1615 2090 1839 2135 Chivalrie,que
1857 2100 1927 2120 nous
1953 2090 2061 2121 ferrons
2089 2100 2168 2123 toute
2192 2092 2287 2123 nostre
2304 2093 2385 2131 paine

1328 2136 1362 2164 ἃ
1380 2133 1519 2171 drligence
1537 2140 1608 2170 que,
1626 2129 1723 2160 nostre
1740 2129 1780 2160 d1t
1797 2127 1932 2168 Cousyn,
1949 2129 1975 2158 le
2002 2128 2098 2160 Conte
2123 2129 2242 2167 parferra
2268 2132 2301 2162 δε
2329 2133 2388 2163 Ac-

1331 2171 1486 2209 compliera
1504 2171 1571 2200 bien
1590 2170 1624 2200 δε
1642 2168 1789 2199 loialment
1805 2168 1842 2197 les
1858 2167 2041 2204 Paiementz‚
2066 2169 2100 2199 &
2122 2178 2212 2199 toutes
2238 2170 2276 2200 les
2298 2179 2389 2202 autres

1332 2209 1457 2248 Choses,
1474 2219 1522 2247 par
1540 2209 1579 2239 lui
1597 2206 1729 2248 promises
1748 2208 1782 2239 &
1796 2206 1966 2244 accordees,
1983 2216 2011 2236 as
2027 2207 2116 2243 Lieu,
2134 2209 2167 2239 ὃς
2200 2207 2336 2249 Termes,
2354 2210 2388 2240 ὃς

1330 2258 1377 2287 par
1397 2258 1528 2285 manere,
1544 2257 1599 2285 que
1618 2246 1743 2288 compris
1760 2244 1801 2275 est
1817 2255 1853 2275 en
1879 2244 1917 2275 ses'
1943 2244 2052 2276 Lettres
2073 2244 2264 2286 Obligatoirs‚
2288 2258 2322 2278 au
2347 2248 2389 2279 dit

1332 2288 1392 2318 Roi
1409 2286 1615 2326 d’Engleterre‚
1636 2288 1677 2315 sur
1693 2294 1727 2315 ce
1747 2283 1833 2315 faites.
2331 2299 2334 2302 -

1367 2325 1423 2364 Et,
1443 2325 1462 2355 si
1480 2334 1590 2355 aucune
1613 2322 1737 2353 Defaute
1761 2323 1877 2353 avenoit
1901 2321 1949 2352 des
1972 2322 2031 2353 ditz
2064 2321 2228 2354 Paiementz
2253 2324 2318 2356 faire
2342 2320 2409 2363 par'

1333 2373 1445 2395 manere
1463 2363 1602 2394 accordee
1623 2384 1632 2400 ‚
1656 2372 1672 2392 a
1689 2369 1781 2392 toutes
1797 2361 1836 2391 les
1856 2362 1929 2391 foitz
1951 2370 2006 2400 que
2028 2361 2074 2391 tiel
2102 2361 2224 2393 Defaute
2247 2364 2395 2402 escherra,

1334 2403 1405 2433 dont
1424 2412 1495 2432 nous
1516 2402 1645 2442 purrions
1666 2410 1714 2438 par
1738 2409 1847 2431 aucune
1872 2409 1985 2430 manere
2010 2399 2082 2429 estre
2107 2402 2273 2440 enformez‚
2305 2402 2394 2434 Nous

1333 2441 1535 2478 Promettons,
1551 2450 1587 2470 en
1605 2447 1684 2470 toute
1703 2439 1890 2476 loialtee,que
1909 2448 1980 2469 nous
2007 2437 2191 2470 Amendrons
2216 2440 2262 2470 tiel
2282 2440 2395 2473 Defau-

1335 2488 1362 2510 te
1381 2491 1396 2510 a
1413 2488 1502 2509 toutes
1521 2479 1558 2509 les
1574 2479 1647 2508 foitz
1664 2478 1731 2517 qu’il
1750 2478 1892 2514 escherra,
1911 2478 1944 2508 ὅτ.
1964 2477 2107 2515 paierons,
2123 2477 2159 2508 de
2178 2478 2273 2510 nostre
2290 2490 2392 2520 propre

1335 2518 1459 2555 Tresor,
1474 2517 1584 2548 dedanz
1603 2527 1641 2546 un
1662 2515 1767 2554 Moys,
1784 2515 1930 2553 proschein
1956 2525 2032 2554 apres
2056 2516 2103 2545 tiel
2129 2515 2253 2553 Defaute
2265 2541 2274 2556 ,
2295 2528 2395 2557 quant-

1336 2567 1392 2594 que
1417 2555 1455 2585 du
1476 2556 1546 2586 serra
1563 2565 1597 2585 au
1616 2555 1657 2584 dit
1673 2554 1734 2584 Roi
1751 2553 1958 2592 d'Engleterre,
1975 2563 2014 2583 ou
2032 2563 2048 2583 a
2065 2553 2104 2583 ses
2120 2553 2224 2593 Heirs,
2242 2556 2278 2586 de
2297 2557 2324 2587 la
2337 2556 2393 2587 So*

1336 2604 1384 2625 me
1402 2594 1580 2631 devantdite,
1597 2593 1630 2624 &
1647 2592 1721 2630 ensi,
1737 2592 1774 2622 de
1792 2592 1902 2622 Terme
1920 2602 1954 2621 en
1973 2591 2093 2629 Terme,
2110 2601 2224 2632 tantque
2243 2595 2336 2633 pleine
2343 2595 2394 2626 sa-

1337 2634 1480 2702 tisfadgion
1499 2634 1532 2664 &
1547 2631 1665 2663 enterini
1690 2630 1838 2662 Parement
1864 2629 1915 2660 soit
1939 2630 1987 2660 fait
2010 2629 2044 2660 de
2070 2630 2096 2660 13
2121 2630 2209 2662 Some
2231 2641 2318 2663 entier
2343 2633 2393 2664 de-

1341 2680 1409 2702 vant
1431 2681 1478 2703 tte.

2387 1522 2454 1560 630.

1376 2710 1433 2750 Et,
1452 2721 1468 2740 a
1481 2717 1572 2741 toutes
1587 2719 1632 2740 ces
1650 2707 1758 2739 Choses
1776 2708 1841 2738 bien
1861 2707 1894 2737 &
1912 2706 2060 2737 loialment
2076 2706 2215 2747 Parfaire,
2236 2708 2338 2748 Tenir,
2362 2713 2396 2743 ὃς

1342 2749 1509 2788 Acomphr,
1525 2748 1590 2779 sanz
1607 2747 1701 2778 fraude
1716 2747 1749 2777 δε
1769 2745 1833 2776 sanz
1852 2744 1906 2775 mal
1923 2754 2032 2784 engyn,
2051 2745 2139 2776 Nous
2159 2746 2320 2784 Obligeons
2333 2750 2397 2780 nos-

1342 2797 1383 2819 tre
1404 2787 1542 2825 Persone,
1556 2788 1590 2818 &
1610 2786 1646 2816 les
1662 2784 1796 2815 Persones
1815 2783 1850 2814 de
1867 2793 1925 2814 noz
1942 2784 2045 2822 Heirs,
2064 2785 2097 2815 δε
2123 2793 2192 2816 touz
2213 2795 2272 2816 noz
2295 2787 2399 2826 Biens,

1344 2827 1467 2856 moebles
1484 2826 1517 2856 &
1543 2835 1603 2855 non
1626 2824 1770 2862 moebles,
1815 2823 1857 2853 uel
1879 2832 1913 2854 ez
1931 2831 1991 2860 part
2008 2822 2069 2860 q'ils
2085 2823 2175 2854 soient
2200 2826 2299 2855 troue'z
2315 2847 2325 2863 ,
2342 2836 2357 2856 a
2372 2826 2397 2857 la

1345 2863 1774 2904 Compulsion,Cohercion,&
1823 2863 1873 2892 ons
1890 2862 1974 2892 rainte
1993 2860 2028 2892 de
2047 2869 2115 2891 touz
2129 2862 2215 2900 juges
2228 2864 2262 2894 &
2277 2862 2398 2902 Counz,

1344 2903 1471 2934 Seculers
1485 2903 1516 2934 ἃ
1534 2902 1570 2932 de
1586 2901 1680 2932 Sainte
1694 2900 1810 2939 Esglise,
1830 2901 1879 2939 &,
1897 2909 1944 2939 par
1967 2900 1999 2930 es
2012 2899 2098 2936 ecial,
2118 2910 2134 2930 a
2155 2899 2180 2929 la
2207 2898 2300 2931 Court
2321 2902 2356 2932 de
2374 2902 2400 2934 la

1345 2941 1494 2971 Chambre
1506 2941 1545 2970 du
1565 2940 1656 2978 Pape,
1673 2941 1706 2970 &
1720 2942 1756 2969 de
1770 2939 1948 2976 l'Auditour,
1998 2938 2188 2976 iceauditour,
2213 2937 2383 2971 Comiffaire

1344 2981 1378 3011 &
1393 2979 1563 3010 Lieutenant
1578 2978 1615 3008 de
1627 2979 1652 3008 la
1670 2976 1765 3007 Court
1782 2976 1818 3007 de
1836 2976 1859 3006 la
1878 2975 2040 3013 Chambre,
2390 2964 2400 2980 ³

1387 3018 1546 3048 Veulliantz
1573 3017 1605 3047 &
1633 3014 1816 3046 consentantz
1842 3014 2042 3052 expreffement
2066 3023 2122 3053 que
2146 3013 2266 3046 chescun
2293 3016 2385 3049 d'eulx

1367 3056 1461 3094 uielqz
1473 3065 1566 3092 temps
1584 3055 1618 3085 ὅ(
1636 3054 1708 3090 lieu,
1731 3052 1817 3083 Nous
1839 3075 1848 3090 ‚
1873 3061 1931 3082 noz
1957 3051 2041 3081 Heirs
2054 3074 2064 3089 ,
2088 3053 2122 3083 &
2144 3052 2343 3094 Successours,
2368 3041 2403 3088 δέ

1345 3066 1431 3126 {iens
1447 3094 1576 3132 quielcon
1598 3102 1643 3130 es,
1660 3090 1790 3130 presentz
1803 3092 1835 3121 &
1855 3100 1871 3120 a
1883 3090 1975 3127 venir,
1992 3090 2114 3128 puissent
2137 3091 2241 3123 chatier
2261 3094 2295 3124 &
2318 3105 2402 3125 com-

1350 3134 1452 3172 peller‚
1471 3140 1527 3161 tant
1536 3141 1582 3168 par
1617 3129 1882 3159 xcommuniement
1896 3137 1982 3158 come
1994 3138 2042 3168 par
2050 3128 2222 3160 Entrediten
2237 3141 2289 3162 nos
2305 3132 2394 3164 Lieux

1350 3166 2047 3244 {3333s2⁰{2535}ss‘ffsreffissssissffltzni‘
2063 3157 2406 3245 εἷεέἓᾱεῖῗέἓοηιεέ

1540 3229 1549 3244 ³

1351 3247 1447 3278 choses
1461 3245 1635 3282 dess‘usdites,
1651 3246 1684 3275 δε
1702 3244 1839 3275 chascune
1853 3227 1990 3285 d'yceiles.
2277 3219 2294 3244 u
2307 3220 2334 3241 es
2359 3220 2406 3242 ces

1390 3284 1428 3315 Et
1441 3283 1556 3326 faiffons
1576 3284 1609 3315 &
1627 3282 1799 3313 establisions
1818 3291 1877 3312 noz
1900 3282 2071 3313 Procurcurs
2095 3283 2238 3322 Especialx
2250 3307 2260 3323 ,
2285 3287 2319 3318 δε
2341 3287 2408 3318 sanz

1352 3322 1462 3361 Repel,
1483 3321 1605 3351 maistres
1619 3321 1748 3352 Thomas
1765 3321 1801 3351 de
1819 3321 1946 3360 Paxton,
1963 3320 2076 3352 Robert
2091 3323 2126 3353 de
2144 3322 2271 3354 Stratton
2284 3347 2295 3363 ,
2314 3325 2408 3357 Audi.

1353 3371 1429 3392 tours
1446 3361 1483 3391 du
1498 3360 1593 3399 Palays
1610 3359 1636 3390 le
1656 3359 1746 3398 Pape,
1761 3361 1794 3391 ὃς
1808 3360 1929 3390 chascun
1942 3360 2051 3398 d'eulx,

1391 3400 1531 3430 Donantz
1551 3410 1566 3428 a
1582 3398 1662 3436 eulx,
1677 3399 1711 3429 ὅ(
1725 3408 1740 3428 3
1764 3399 1859 3428 l’autre
1878 3397 1971 3428 d’eulx
1985 3421 1994 3436 ,
2023 3397 2212 3430 Mandement
2233 3399 2348 3439 especial
2368 3401 2405 3431 de

1354 3437 1512 3476 confeffer,
1531 3447 1565 3467 en
1578 3437 1614 3475 Ju
1635 3445 1764 3475 gement,
1782 3437 1882 3467 devant
1898 3436 1935 3466 les
1948 3435 2092 3467 Auditour
2104 3437 2137 3468 ὃς
2152 3436 2354 3469 Viceauditour
2370 3440 2406 3469 de

1355 3477 1380 3507 la
1398 3475 1491 3507 Court
1504 3477 1540 3506 de
1558 3475 1582 3505 la
1629 3475 1746 3505 hambre
1757 3475 1795 3505 du
1812 3473 1903 3514 Pape,
1918 3474 1951 3505 &
1967 3474 2026 3505 leur
2040 3474 2253 3513 Commiffaire,
2268 3487 2306 3506 ou
2321 3478 2406 3507 Lieu-

1354 3524 1465 3584 ffinant,
1480 3515 1514 3545 δε
1531 3514 1654 3545 chascun
1673 3513 1779 3552 d'eulx,
1796 3513 1822 3543 la
1843 3513 1912 3543 ditte
1932 3511 2022 3543 Dette
2043 3513 2080 3544 de
2101 3512 2199 3544 Dusze
2219 3513 2315 3545 Milles
2336 3514 2406 3545 No-

1386 3564 1412 3584 es
1909 3557 1912 3562 .

1392 3577 1429 3623 E’t
1441 3592 1476 3622 de
1492 3591 1630 3621 rescevoir
1647 3598 1726 3620 toute
1741 3589 2021 3629 Condempnacion,
2039 3590 2208 3628 Monition,
2231 3592 2266 3621 &
2288 3590 2408 3621 Senten-

1357 3641 1407 3669 ce,
1426 3640 1481 3668 que
1495 3629 1544 3667 ils,
1562 3630 1595 3660 ὃς
1608 3628 1730 3659 chescun
1744 3629 1854 3667 d'eulx,
1869 3628 2037 3660 voudroient
2050 3629 2116 3660 faire
2127 3638 2166 3659 ou
2187 3628 2277 3658 doner
2296 3638 2312 3658 a
2330 3628 2412 3659 cause

1358 3671 1395 3699 de
1412 3669 1437 3698 la
1451 3668 1540 3698 Dette
1553 3666 1710 3705 avantdite‚

1399 3707 1439 3738 Et
1455 3707 1491 3736 de
1512 3705 1580 3735 faire
1600 3714 1690 3735 toutes
1712 3714 1800 3736 autres
1818 3704 1926 3735 Choses
1940 3729 1950 3743 ,
1976 3704 2135 3736 necessaires
2150 3713 2185 3734 en
2203 3703 2274 3734 celle
2293 3702 2385 3736 Partie
2401 3729 2412 3745 ,

1362 3746 1499 3776 combien
1513 3754 1568 3781 que
1583 3744 1643 3783 plus
1657 3744 1772 3782 especial
1789 3743 1980 3775 Mandement
1993 3753 2029 3774 en
2043 3743 2122 3772 feroit
2135 3742 2246 3779 requiz3

1399 3783 1593 3813 Promettantz
1607 3784 1685 3812 avoir
1700 3782 1786 3812 Ferm
1800 3783 1833 3813 &
1848 3782 1986 3821 Agreable
2007 3780 2184 3819 quelconque
2206 3780 2267 3810 Fait
2288 3781 2343 3812 sera
2361 3793 2411 3820 par

1363 3830 1424 3851 noz
1438 3821 1500 3850 ditz
1512 3820 1698 3858 Procureurs,
1712 3831 1751 3850 ou
1767 3821 1825 3850 l’un
1839 3820 1948 3858 d'eulx,
1964 3819 2007 3849 sur
2021 3826 2111 3848 toutes
2125 3817 2162 3847 les
2180 3818 2276 3848 choses
2295 3819 2412 3852 devant-

1364 3860 1451 3897 dites,
1469 3860 1502 3889 &
1515 3858 1666 3889 chascunes
1675 3859 1819 3899 d'ycelles,
1837 3858 1900 3888 sanz
1912 3856 2040 3896 jammais
2055 3855 2129 3891 dire,
2145 3857 2294 3896 proposer,
2313 3868 2349 3889 ne
2362 3858 2413 3889 fai-

1365 3908 1413 3934 te,
1432 3907 1479 3934 par
1493 3905 1567 3933 noz,
1586 3907 1621 3926 ne
1631 3906 1679 3934 par
1692 3907 1786 3934 autre,
1804 3905 1913 3926 aucune
1927 3893 2009 3924 chose
2019 3903 2034 3922 a
2047 3892 2210 3925 l’encontre.

1406 3935 1444 3964 Et
1457 3934 1663 3971 d'aboundant‚
1678 3936 1711 3965 ὃς
1726 3945 1772 3971 par
1788 3943 1893 3972 expres,
1909 3941 1979 3961 nous
1993 3930 2199 3963 Renouncions
2211 3944 2228 3964 a
2242 3942 2330 3965 toutes
2337 3934 2413 3965 Gra-

1367 3982 1414 4004 ces
1427 3974 1459 4003 &
1474 3971 1625 4010 Privileges
1641 3973 1680 4002 du
1695 3972 1786 4010 Pape,
1800 3972 1836 4001 de
1851 3970 2028 4008 l’Emperour
2053 3970 2086 3999 &
2098 3970 2204 4001 d’autre
2215 3972 2319 4002 Prince
2327 3973 2416 4010 quiel-
2428 3982 2434 3987 ·

1369 4020 1499 4048 conque,
1517 4018 1662 4046 empetrez
1674 4011 1707 4041 &
1720 4020 1735 4038 a
1750 4017 1887 4047 empetrer
1902 4017 1907 4036 z
1935 4007 1968 4036 &
1987 4017 2003 4036 a
2023 3991 2182 4045 ssxcepnon
2200 4009 2235 4040 de
2256 4009 2362 4048 Force‚
2381 4010 2418 4040 de

1370 4047 1479 4086 Paour,
1501 4048 1534 4079 &
1553 4047 1588 4080 de
1609 4045 1789 4078 Constrainte
1802 4068 1813 4084 ‚
1835 4046 1871 4076 de
1889 4045 1966 4077 cause
1986 4045 2022 4076 de
2042 4045 2138 4078 Garde
2167 4048 2201 4080 ὃς
2230 4046 2363 4080 Detenue
2384 4048 2420 4078 de

2343 4095 2434 4125 corps
