2561 4251
713 145 827 192 'ET
911 147 1180 192 ACTA

20 245 96 277 Ann.
110 240 151 271 D.
169 241 236 272 nitae
257 241 293 271 &
312 240 432 270 arraiatae
454 247 510 276 pro
534 237 661 276 Guerra,
677 237 756 275 supra
779 237 862 267 Mare
875 237 903 267 in
919 236 1067 281 Admiratu
1083 236 1223 281 prcedisto

48 288 131 320 1379.
167 279 395 320 proficiscentur,
408 276 443 306 ad
456 276 562 308 Custus
575 276 757 315 subscriptos,
772 277 801 306 in
816 276 909 307 forma
921 275 1046 314 sequenti
1064 285 1224 313 percipien-

47 324 72 348 '.
93 330 119 348 2.
207 329 231 348 s·
272 318 382 348 idelicet
1107 352 1122 357 ..

22 326 64 351 Ra
165 319 529 393 dolequualibet’Navi&
542 353 672 392 Craiera,
690 353 892 392 cujuscumque
903 353 986 384 fuerit
999 352 1142 390 Portagii,
1160 361 1223 390 quae

167 395 251 428 Mare
270 393 420 431 transierit,
438 393 508 422 infra
530 393 643 423 dietum
664 392 864 428 Admiratum‚
885 391 981 435 eundo
1004 392 1037 422 &
1058 390 1222 428 redeundo,

166 444 221 473 pro
237 432 355 471 wagio,
368 430 409 461 Vde
425 431 554 469 quolibet
566 431 675 461 Tonne
687 432 707 460 ti
729 431 761 460 ht
774 430 828 459 Sex
843 429 1000 474 Denarios,
1130 468 1135 472 ῃ

203 471 333 508 Exceptis
347 469 477 501 Navibus
492 469 620 500 Carcatis
633 478 702 499 cum
743 469 812 505 inis,
826 469 859 498 ὃς
876 468 1009 498 Navibus
1023 467 1149 498 Carcatis
1155 476 1223 498 cum

168 509 352 541 Mercandifis
367 510 397 538 in
413 509 558 546 Flandria,
577 517 642 546 quae
655 506 728 543 apud
746 505 931 536 Londoniam
941 513 1022 536 erunt
1036 506 1176 537 Freecatae
1189 507 1223 537 &

168 548 340 579 Discarcatae
357 572 365 585 ,
390 557 424 582 ac
447 544 583 578 Navibus
605 544 732 575 Carcatis
754 554 824 575 cum
848 544 930 574 Lanis
952 545 985 575 ὅτ.
1005 543 1129 575 Pellibus
1148 545 1223 582 apud

166 586 350 618 Londoniam
375 586 420 617 vel
441 586 505 615 alibi
525 585 598 614 infra
618 583 729 613 dietum
751 583 948 619 Admiratum,
968 593 1032 621 quae
1052 582 1126 627 apud
1141 583 1225 627 Cale-

165 626 236 655 sium
251 634 332 655 erunt
345 624 514 655 Discarcatae
549 630 616 660 quas
629 621 743 660 quidem
764 621 863 651 Naves
880 621 1022 652 Custodes
1042 621 1110 652 dieti
1134 621 1224 652 Maris

162 663 266 701 absque
281 664 438 694 Locatione
451 646 614 691 conducere
627 670 686 689 non
702 660 891 704 tenebuntur,
1103 699 1108 704 ι
1142 699 1148 704 .

200 702 293 732 ITEM
329 701 364 731 de
377 699 506 737 quolibet
520 698 608 738 Vase,
621 698 787 738 Piscatrice,
801 698 879 737 quod
892 699 970 736 supra
984 698 1069 728 Mare
1080 697 1155 743 dist-1-
1163 698 1225 729 Ad-

162 740 279 771 miratus
298 726 422 770 Piscatur
443 747 498 775 pro
520 737 620 769 Allece
637 737 792 776 capiendo,
811 737 1016 781 cujuscumque
1032 736 1157 777 Portagii
1173 737 1222 775 sit,

160 780 189 809 iri
203 779 378 817 Septimana,
397 776 432 807 de
444 776 692 814 quolibetTonne
707 777 726 807 ti
747 776 778 806 ht
793 776 848 806 Sex
862 775 1021 819 Denarios,
1106 814 1110 819 .

200 817 243 848 IT
255 826 272 847 E
283 825 309 846 M
321 840 329 854 ,
347 816 383 846 de
404 815 461 846 aliis
485 815 616 848 Navibus
631 816 663 846 ὃς
678 815 721 845 Va
734 825 755 844 is
769 813 1064 857 PiscatriCibus,-quae
1078 812 1222 858 Piscantur

161 858 235 887 circa
257 855 325 885 alios
345 855 437 885 Pisces
458 853 536 893 supra
559 854 659 892 Mare,
677 853 749 883 infra
769 852 882 882 dietum
905 851 1104 896 Admiratum,
1129 862 1223 891 cujus-

161 904 286 932 cumque
299 893 424 932 Portagsli
438 892 507 932 fint,
524 895 554 924 in
575 893 684 924 Tribus
703 890 888 929 SeptimaniS,
906 890 942 921 de
963 890 1092 928 quolibet
1114 889 1223 921 Tonne

160 933 239 970 tight
253 932 308 964 Sex
322 932 479 969 Denarios,
642 969 656 974 ..
760 969 764 973 ²

196 971 286 1002 ITEM
295 996 304 1009 ,
323 971 359 1001 de
374 971 600 1007 quibuscumque
613 967 670 998 aliis
686 967 818 998 Navibus
831 968 865 999 &
878 966 972 1005 Vafis,
981 966 1067 1012 Mare
1081 967 1224 999 transeun-

158 1011 251 1048 tibus,
269 1009 341 1040 infra
357 1008 468 1038 dictum
487 1007 684 1045 Admiratum,
702 1005 885 1037 Carbonibus
905 1005 1045 1050 Carcatisn
1055 1006 1130 1050 apud
1150 1006 1222 1037 No-

158 1059 229 1080 vum
247 1048 379 1079 Castrum
395 1047 475 1085 super
490 1046 623 1085 Tynam,
640 1047 842 1083 cujuicumque
858 1045 909 1076 sint
925 1045 1061 1089 Portagii,
1079 1054 1108 1075 in
1123 1045 1220 1083 Quar-

161 1089 234 1118 terio
250 1088 329 1117 unius
339 1086 435 1123 Anni,
454 1085 490 1115 de
504 1085 630 1124 quolibet
645 1085 753 1115 Tonne
768 1085 839 1123 right
854 1083 909 1114 Sex
925 1084 1071 1114 Denarios.

200 1126 310 1161 ITEM,
327 1124 362 1154 de
376 1125 511 1154 omnibus
526 1124 581 1153 aliis
594 1123 744 1162 Navibus,
762 1122 899 1162 Craieris,
919 1124 952 1154 ὅτ.
968 1123 1061 1168 VafiS,
1080 1123 1221 1169 transeun-

160 1165 233 1196 tibus
256 1173 304 1201 per
328 1163 413 1194 Mare
463 1163 532 1194 infra
551 1162 662 1193 dicrum
686 1162 882 1200 Admiratum,
909 1161 1034 1193 Carcatis
1052 1172 1119 1193 cum
1136 1162 1222 1193 Bonis

157 1211 411 1240 quorumcumque
426 1186 641 1240 Mercamrum,
659 1203 686 1231 in
701 1201 855 1239 Pruciam,
875 1200 1022 1240 Norwey,
1040 1201 1088 1245 vel.
1106 1201 1220 1245 Scone,

158 1242 205 1272 seu
219 1242 250 1270 in
263 1241 386 1279 aliquem
397 1241 484 1271 aliurn
497 1241 629 1277 Locum,
647 1241 677 1270 in
691 1240 774 1270 dietis
790 1240 916 1270 Partibus
930 1239 1147 1278 Transmarinis,
1166 1251 1220 1278 pro

157 1278 279 1319 Viagio,
297 1279 410 1319 eundo,
428 1280 463 1311 de
476 1280 603 1318 quolibet
618 1278 705 1310 Lasto
718 1278 809 1309 Grani
824 1278 1047 1317 Sex-Denarios,

140 1382 143 1383 ⁷
197 1356 392 1428 Egsfi’defiffie
408 1396 442 1428 ὃς
455 1395 711 1434 circumspectione
725 1394 828 1439 vestris*
837 1394 946 1433 plenius
960 1391 1150 1437 considentes,
1203 1431 1209 1436 .

199 1435 260 1465 Affi
281 1437 410 1466 navimus
422 1445 492 1473 VOS,
510 1435 690 1473 conjunctim
703 1435 736 1465 ὃς
749 1434 880 1477 divisim,
893 1432 1035 1463 Custodes
1048 1432 1120 1462 dieti
1134 1430 1223 1476 Maris

158 1473 232 1504 infra
279 1474 432 1504 dmiratum
453 1472 639 1511 praeditstum,
657 1483 690 1502 ac
712 1472 747 1502 ad
769 1471 845 1502 dieta
867 1471 972 1502 Custus
992 1471 1026 1501 &
1041 1470 1221 1508 Subsidium,

159 1522 215 1551 pro
237 1511 391 1551 Custodia,
416 1511 590 1549 Salvadone,
614 1511 647 1542 &
669 1509 844 1541 Defenfione
866 1509 957 1540 Maris
980 1510 1013 1540 &
1034 1508 1220 1540 Costerarum

158 1550 371 1590 praedffiarum,
389 1551 448 1581 tam
461 1559 512 1588 per
527 1549 663 1587 Terram,
682 1549 771 1587 quam
785 1558 834 1586 per
854 1548 955 1586 Mare,
974 1557 1023 1586 per
1040 1556 1134 1593 toturn
1159 1548 1222 1578 Ad-

158 1591 292 1621 miratum
308 1588 490 1628 praedictum,
509 1587 695 1626 Levandum,
713 1587 936 1632 Colligendum,
951 1587 984 1617 &
1000 1586 1221 1624 Percipiendum

155 1639 206 1668 per
227 1626 409 1667 Supervisurn
430 1627 464 1657 &
485 1625 796 1657 Contrarotulationem
819 1626 1033 1671 Supervisorufn
1055 1627 1089 1656 &
1106 1629 1120 1643 *ἒ
1138 1624 1222 1670 Con-

160 1668 389 1699 trarotulatorum
404 1664 525 1696 Subfidii
538 1666 572 1697 &
588 1664 712 1696 Gustum
727 1664 948 1709 praedictorum,
966 1674 1038 1708 quos
1051 1664 1084 1694 ad
1108 1664 1166 1696 hoc
1189 1674 1221 1694 in

158 1704 329 1737 Civitatibus
363 1704 459 1743 Villis,
477 1705 511 1736 &
533 1704 694 1742 Portubus,
717 1703 786 1734 infra
808 1703 919 1735 dieium
941 1703 1144 1742 Admiratutn,
1170 1713 1221 1741 per

157 1745 266 1778 Literas
281 1728 387 1775 nosiras
400 1741 545 1787 Parentes,
563 1742 784 1787 affignavimus,
915 1782 920 1788 ⁸
967 1779 979 1790 A
1091 1782 1097 1787 .
1133 1782 1139 1787 ·
1213 1782 1219 1787 .

196 1784 235 1815 Et
247 1782 282 1814 ad
294 1782 363 1814 alios
377 1782 513 1820 idoneos,
530 1791 560 1811 in
575 1781 719 1812 Portubus
731 1789 818 1812 totius
832 1780 997 1812 Admiratus
1031 1781 1140 1826 raedidfti
1149 1804 1159 1819 ,
1171 1781 1220 1812 ubi

156 1823 241 1854 vobis
250 1822 353 1853 meiius
366 1819 496 1858 expedire
507 1819 668 1858 videbitur,
684 1819 719 1850 ad
734 1819 808 1850 diista
822 1819 927 1851 Custus
949 1820 983 1851 &
1019 1820 1152 1858 ‘ubsidia,
1171 1830 1219 1857 per

154 1861 317 1899 hujusmodi
331 1858 521 1903 Supervisum.
530 1859 563 1890 &
578 1857 890 1903 Contrarotulationem
899 1883 909 1897 ,
925 1858 1097 1889 Levandum
1109 1859 1142 1890 ὃς
1151 1858 1219 1889 Per-

152 1896 558 1975 ⁶¹¹'fissnaddu‘dssiif'1p‘3'mss‘f‘ssiff
560 1896 773 1967 11)ξὲῗῖῗέῗέἒέ
786 1896 1220 1982 {cssffssilffj'fflaaisoabus

156 1978 191 2014 &
216 1975 525 2009 Contrarotulatoribus
543 1974 701 2013 praeditstis,
726 1973 844 2019 fideliter
867 1975 1042 2020 reddendum
1048 1988 1060 2022 5
1079 1985 1116 2008 ita
1137 1976 1218 2020 quod

155 2026 227 2054 vos,
244 2015 289 2046 feu
302 2014 442 2054 Deputati
457 2013 560 2052 vestri,
577 2013 614 2045 de
627 2012 775 2052 Denariis,
794 2012 859 2044 inde
876 2016 1126 2059 provenientibus,
1143 2015 1217 2054 aliis,

154 2054 243 2094 quarn
257 2054 339 2090 diCtis
353 2053 598 2092 Supervifiaribus‚
616 2060 783 2090 computare
796 2062 856 2083 non
869 2060 1031 2084 teneamini:

194 2093 233 2124 Et
246 2093 312 2124 ideo
328 2093 412 2124 vobis
422 2091 614 2130 Mandamus,
626 2090 742 2121 firmiter
753 2091 944 2131 injungentes,
961 2092 1041 2131 quod
1056 2093 1131 2124 circa
1138 2092 1217 2123 Prae-

154 2132 236 2164 mista
249 2133 347 2163 omnia
360 2131 395 2163 ὃς
404 2130 510 2170 fingula
525 2129 642 2175 fideliter
653 2132 686 2174 {Sc
701 2129 851 2169 diligenter
863 2130 1027 2171 intendatis,
1040 2132 1074 2163 &
1088 2142 1120 2163 ea
1131 2132 1217 2164 facia-

155 2172 189 2205 tis
202 2171 236 2201 ὃς
249 2170 415 2207 excerceatis
424 2171 455 2207 in
467 2169 561 2206 forma
575 2168 717 2208 praeditsta.
924 2209 929 2214 ι
946 2209 951 2215 .
1095 2210 1102 2216 .
1140 2211 1145 2216 ι

192 2208 305 2240 Damus
328 2217 421 2239 autom
445 2207 578 2239 universis
598 2208 632 2239 &
644 2207 763 2247 {iugulis
776 2207 1020 2247 Vicecommbus,
1039 2208 1218 2249 Majoribus,

153 2246 264 2281 Ballivis
301 2246 455 2286 Ministris,
475 2245 703 2285 Mercatoribus,
723 2246 885 2286 Magistris‚
912 2249 946 2279 ὅτ
968 2248 1129 2279 Marinarii's
1151 2249 1217 2281 Na-

152 2287 253 2331 vium,
272 2271 476 2355 Ῐζίἷεεῑοῑῴιξ,
493 2295 527 2317 ac
541 2284 764 2354 quibsssculmgue
778 2286 835 2341 aliis
851 2285 992 2334 Fidelibus
1007 2285 1128 2357 nostrisI,
1129 2289 1216 2319 totius

153 2324 558 2407 ssffssnsssffissnfffffidissilzqisst‘ss
570 2334 651 2408 <3353
665 2333 1095 2408 vdbsssstasfi'bssffim‘ffise‘ssgiisss
1114 2337 1216 2411 persii?

154 2402 208 2432 &is
243 2403 276 2433 &
292 2401 422 2433 vestrsim
437 2401 570 2440 cuilibet,
587 2412 617 2432 in
640 2401 792 2432 Praemissis
810 2403 945 2434 omnibus
967 2404 1000 2436 &
1021 2403 1149 2444 singulis,
1166 2404 1216 2436 In-

151 2449 201 2472 ten
222 2440 299 2471 e‘ntes
314 2441 382 2479 sint,
396 2440 589 2478 Obedientes,
608 2440 642 2472 &
656 2440 880 2478 Respondentes.
896 2481 901 2486 Ι
1059 2482 1064 2487 “

190 2478 224 2509 In
238 2479 331 2548 cgjuS,
349 2481 410 2511 &c.
431 2479 517 2518 usque
534 2478 651 2510 Festum
671 2479 783 2511 Sanetae
805 2480 968 2519 Katennae,
984 2484 1118 2519 proximo
1139 2482 1218 2514 futu-

154 2527 467 2597 rurll'estdlrlssssegsssapud
482 2552 793 2596 Westmonasterium',
809 2556 928 2590 decimo
940 2558 1018 2589 sexto
1033 2558 1079 2590 die
1086 2558 1174 2597 Junii.

14 1638 32 1656 ²
46 1639 114 1667 VII.

13 1686 79 1706 221.

433 2636 487 2664 Per
499 2636 662 2664 Petiticmem
674 2638 855 2665 emunitatis
865 2639 895 2666 in
910 2635 1105 2667 Parliamento.

307 2777 368 2808 Pro
382 2777 470 2808 Duce
488 2778 648 2810 Britannia
670 2775 709 2810 a'e
721 2775 879 2811 Theolonio
890 2777 1060 2825 praestando.

5 2866 86 2902 Am,
100 2867 140 2898 D·
157 2858 275 2916 REX
288 2860 421 2890 universis
432 2861 467 2892 &
482 2860 598 2906 singulis
607 2861 642 2892 ad
659 2871 746 2907 quos,
763 2863 979 2907 &c.·Salutem.

36 2915 122 2947 1379,
231 2939 236 2944 ἡ
261 2898 418 2943 Qerelatn
427 2922 441 2944 ⁶,
467 2900 600 2944 cariffinii
623 2900 726 2945 Fratris
750 2901 837 2946 nostri
849 2924 859 2941 ,
883 2903 1024 2948 Johannis
1045 2908 1129 2936 Ducis
1142 2904 1214 2952 ἱ19νὶ-

7 2949 60 2974 An.
82 2957 107 2975 2,
154 2943 260 2966 tanmae
271 2938 306 2968 &
320 2936 447 2968 Comitis
460 2938 683 2970 Richemundiae
696 2950 870 2979 recepimus,
888 2951 1084 2975 continentem
1098 2944 1197 2984 quod,

7 2988 38 3012 R,
55 2994 81 3013 2„
192 2975 275 3006 Licet
288 2976 344 3013 ipse
357 2977 391 3007 &
404 2986 507 3007 omnes
521 2977 666 3008 Homines
678 2979 712 3010 &
725 2978 871 3010 Tenentes
883 2980 924 3011 sui
936 2980 973 3012 de
993 2982 1141 3014 Comitatu
1161 2983 1215 3014 Ri-

6 3023 94 3060 ciuus⁸
116 3033 142 3051 2,
154 3013 340 3059 chemiindiae'
351 3015 451 3054 Quieti
467 3015 526 3060 esse
537 3016 675 3055 debeant,
692 3016 828 3062 idemque
845 3018 971 3059 ComeS,
989 3022 1024 3052 &
1044 3032 1146 3053 omnes
1171 3024 1215 3054 alii

5 3064 33 3088 R,
44 3071 69 3089 2,
79 3071 115 3089 m,
153 3052 286 3085 Comites
300 3052 538 3093 Richemundiae,
558 3056 591 3087 &
604 3065 705 3086 eor-um
719 3055 864 3087 Homines
876 3058 910 3089 δε
928 3059 1074 3091 Tenentes
1094 3061 1131 3092 de
1151 3060 1215 3092 Co-

8 3108 34 3125 2,
156 3093 254 3122 mitatu
276 3092 432 3131 praeditfito,
448 3103 463 3123 a
483 3101 615 3133 tempore
632 3095 711 3133 cujus
730 3097 864 3128 contrarii
878 3099 1020 3129 memoria
1032 3109 1093 3130 non
1107 3100 1215 3140 existit,

153 3129 263 3173 semper
279 3130 415 3174 haifst-enus
439 3132 538 3171 Qieti
558 3132 617 3163 effe
637 3133 839 3178 consueverant
853 3134 889 3166 de
901 3136 1070 3169 Theolonio
1106 3139 1214 3171 Ponta-

151 3167 552 3239 {fisssffssffliafflssgifs
563 3171 722 3247 §aisa
734 3163 1214 3253 Lsegssssssitafssssee

271 3230 289 3245 n
326 3231 336 3245 ο
727 3234 738 3248 ²
819 3233 829 3242 ⁸

149 3244 197 3275 An
220 3244 265 3274 liae

190 3253 383 3314 Iffiem’tamen
400 3282 527 3323 Comes,
544 3294 578 3314 ac
593 3284 734 3317 Homines
748 3287 782 3317 δε
795 3287 943 3321 Tenentes
956 3291 996 3322 sui
1011 3292 1047 3322 de
1063 3293 1212 3326 Comitatu

153 3321 310 3359 praedie‘ro,
327 3321 442 3360 saepiuS,
460 3331 525 3353 ante
544 3322 609 3353 haec
629 3332 687 3354 tem
729 3335 773 3362 ra,
788 3334 841 3363 pro
858 3328 1042 3360 Praestatione
1053 3331 1212 3370 hujusmodi

151 3357 331 3398 Theolonii,
355 3359 506 3400 Pontagii,
528 3359 672 3400 Muragii,
711 3365 815 3403 avagii,
834 3364 966 3406 Paffagii,
986 3369 1124 3409 Lastagii,
1142 3371 1213 3402 Stal-

151 3396 236 3435 lagii,
257 3397 382 3438 Kaiagii,
399 3399 433 3430 &
447 3398 570 3438 Picagii‚
584 3400 656 3431 infra
669 3399 805 3440 Regnum
819 3404 950 3436 nostrum
971 3408 1158 3448 praedictum,
1176 3411 1213 3441 de

153 3433 239 3466 Bonis
254 3437 287 3467 &
299 3436 400 3480 Rebus
415 3436 467 3467 suis
481 3437 614 3468 Distristi
628 3438 758 3478 fuerunt,
776 3442 811 3473 &
823 3442 912 3474 indies
933 3443 1135 3485 distringuntur
1158 3450 1212 3479 mi-

154 3484 208 3504 nus
218 3474 311 3514 juste,
329 3476 357 3505 in
371 3474 452 3521 ipsius
467 3475 591 3507 Comitis
602 3476 773 3514 Dampnum
787 3490 848 3510 non
871 3481 1027 3514 Modicum
1048 3486 1083 3516 ὃς
1101 3485 1213 3518 Grava-

153 3522 240 3550 men,
263 3513 297 3544 &
317 3513 411 3544 Status
433 3513 597 3546 Hominum
617 3517 652 3548 &
674 3516 852 3549 Tenentium
869 3520 985 3552 suorum
1005 3523 1212 3560 ρτεεάἰᾶοωω

151 3551 375 3589 Oppreffionem
392 3553 583 3592 manifestam,

188 3590 279 3634 Super
293 3601 352 3629 quo
366 3590 443 3621 idern
458 3590 569 3636 Comes
586 3593 669 3637 nobis
688 3594 833 3626 humiliter
852 3596 1017 3636 supplicavit
1036 3608 1067 3631 ut
1090 3601 1159 3640 sibi,
1178 3612 1212 3634 ac

149 3626 329 3660 Hominibus
349 3629 383 3662 &
405 3629 584 3661 Tenennbus
602 3631 654 3662 suis
671 3634 829 3673 praedictis,
853 3635 890 3667 de
912 3637 1058 3669 Remedio
1079 3649 1211 3680 congruo

149 3668 301 3735 prQidere
313 3668 449 3708 velimus,

224 3716 256 3736 os

187 3730 331 3777 Nolgtites
345 3745 434 3784 ipsum
452 3744 618 3786 Comitem,

151 3779 261 3821 dictos,
279 3784 405 3815 indebite
419 3785 545 3823 onerari,

189 3818 279 3851 Vobis
294 3824 472 3862 praecipimus
487 3823 585 3862 quod,
598 3823 618 3854 fi
633 3826 761 3863 praesatus
774 3827 885 3859 Comes
899 3839 932 3860 ac
944 3829 1088 3862 Homines
1102 3834 1135 3863 &
1144 3833 1207 3864 Te-

151 3860 300 3902 nentesusui
315 3863 442 3899 praedieti
456 3863 557 3902 Quieti
571 3862 630 3894 effe
641 3864 778 3905 debeant,
796 3866 929 3905 idemque
942 3867 1067 3907 Comes,
1087 3871 1120 3900 &
1140 3882 1207 3902 om-

147 3905 198 3926 nes
218 3896 263 3940 alii
281 3897 411 3931 Comites
431 3902 559 3940 praedi'Cti
575 3925 585 3941 ‚
617 3912 651 3933 ac
669 3913 771 3934 eorum
791 3905 936 3937 Homines
954 3909 989 3939 &
1010 3908 1153 3940 Tenentes
1170 3910 1206 3942 de

149 3932 296 3967 Comitatu
310 3939 468 3979 praedicto,
480 3950 495 3970 a
510 3948 640 3979 tempore
653 3942 810 3982 praedicto,
825 3944 933 3982 semper
951 3946 1084 3977 haeftenus
1105 3947 1206 3984 Quieti

144 3972 202 4002 effe
221 3973 416 4021 consueverint
433 3978 470 4008 de
488 3979 649 4016 hujusmodi
671 3981 856 4021 Theolonio‚
874 3982 1034 4022 Pontagio‚
1054 3984 1207 4027 Mmagio,

145 4008 293 4057 Pavagio,
307 4012 378 4044 Paff
405 4025 453 4054 10,
468 4016 618 4058 Lastagio,
634 4019 785 4060 Stallagio,
804 4021 944 4061 Kaiagio‚
961 4023 995 4054 δε
1018 4023 1085 4054 Pica
1107 4026 1153 4065 'o,
1168 4027 1205 4060 de

145 4047 232 4080 Bonis
254 4051 306 4083 suis
322 4023 502 4094 praeassandiffi
521 4066 573 4097 pei·
591 4066 686 4091 totum
706 4059 842 4101 Regnum
861 4060 993 4093 nostrum
1017 4062 1084 4103 Ang
1096 4066 1149 4103 iae,
1174 4073 1206 4098 ut

636 3756 683 3780 aut
697 3747 843 3781 Homines
857 3752 891 3784 &
903 3751 1049 3785 Tenentes
1060 3755 1122 3786 suos
1135 3766 1209 3795 prae—

1263 141 1295 189 P
1336 151 1376 192 U
1421 152 1453 192 Β
1491 151 1524 191 L
1561 152 1580 192 1
1619 152 1657 193 o
1695 154 1747 193 A.
2276 161 2329 211 87

1262 235 1432 275 praedidfflm
1454 236 1510 275 est,
1531 246 1614 276 tunc,
1639 238 1803 276 hujusmodi
1825 237 2074 280 DistriCtionibus,
2098 242 2193 283 eis-de
2214 253 2320 274 caetero
2345 235 2471 275 Anni).

1264 275 1432 313 inferendis,
1451 277 1560 313 penitus
1580 276 1738 308 desistentes
1774 278 1922 315 praefatum
1943 278 2106 319 Comitem,
2124 291 2156 310 ac
2179 281 2321 313 Homines
2368 286 2453 322 1379.

1265 313 1298 343 &
1314 312 1459 343 Teneutes
1471 314 1531 344 suos
1545 315 1713 354 praedidios,
1733 301 1769 346 de
1780 316 1939 354 hujusmodi
1959 319 2140 356 Theolonio,
2162 319 2320 359 Ponmgio,
2342 323 2395 349 Ric.
2417 331 2443 349 2.

1265 351 1401 390 Muragio
1416 375 1425 390 ,
1453 351 1597 392 Pavagio,
1623 353 1763 394 Passagio,
1792 354 1939 394 Lastigio,
1959 357 2104 396 Stailigio,
2128 358 2262 398 Kaiagio,
2287 360 2322 390 &

1264 389 1382 429 Pii-agio
1397 414 1406 428 ,
1429 391 1511 421 vobis
1528 394 1563 423 de
1582 392 1664 422 Bonis
1683 395 1714 424 ὃς
1733 393 1830 424 Rebus
1848 393 1898 424 suis
1916 396 2076 432 praestandis
2092 421 2100 434 ,
2127 399 2249 435 Quiecos
2266 398 2323 428 esse

1263 430 1427 465 permittatis
1439 452 1448 467 ,
1472 439 1556 468 prout
1581 431 1647 461 inde
1665 432 1764 468 Quieti
1781 432 1837 463 effe
1855 432 1960 464 debent
1973 457 1982 472 ,
2012 434 2144 474 idemque
2162 436 2270 467 Comes
2287 437 2322 468 &⁴

1264 476 1366 496 omnes
1383 467 1426 496 alii
1444 467 1576 498 Comites
1594 469 1734 507 praedicti,
1752 472 1785 502 ὃ(
1804 481 1904 502 eorum
1923 472 2065 503 Homines
2079 476 2111 504 &
2127 477 2271 505 Teiientes
2286 475 2323 505 de

1265 505 1414 535 Comitatu
1433 505 1587 544 praedicto,
1604 517 1619 536 a
1637 517 1764 545 tempore
1782 510 1937 550 praedicto,
1961 511 2069 549 semper
2086 514 2219 545 naslerius
2236 514 2323 545 ratio-

1265 543 1392 574 nabiliter
1409 545 1496 582 quieti
1513 545 1568 575 effe
1586 546 1801 578 consueverunt.

1302 618 1393 650 Teste
1410 619 1496 658 Rege
1513 619 1587 658 apud
1601 619 1908 663 westmonasterium,
1925 625 2042 657 decimo
2057 628 2163 661 oiiavo
2177 619 2224 659 die
2234 618 2323 668 Junii.

1981 704 2021 733 Et
2032 713 2094 735 erat
2108 708 2220 736 Patens.

1312 831 1340 858 *Β
1365 835 1414 866 De
1435 832 1633 866 Proventibus
1652 837 1860 881 Beneficiorum
1874 869 1884 884 ‚
1909 855 1968 888 quae
1987 845 2175 891 cardinales,
2201 853 2282 896 Papae
2347 862 2363 878 ὓ
2382 852 2451 890 Vll.

1528 880 1674 927 lichenes,
1698 898 1855 933 occupant,
1880 890 2070 937 disponendis.

2347 910 2416 929 222.

1267 973 1416 1043 REPX'·
1435 977 1568 1020 universis
1585 978 1618 1009 &
1637 979 1904 1028 fingulishpraelatis,
1930 984 2004 1016 Viris
2022 987 2190 1032 Religiosis,
2216 993 2324 1036 acaliis
2349 1005 2473 1036 Amal),

1368 1017 1472 1045 erionis
1490 1016 1706 1056 Eccleiiastic1s‚
1726 1019 1970 1061 vicecomitibus,
1998 1025 2174 1066 Majoribus,
2197 1029 2324 1069 Ballivis,
2368 1053 2452 1082 1379·

1264 1048 1419 1091 Ministris,
2167 1069 2228 1098 ὅτε.
2247 1069 2326 1100 Salu-
2348 1087 2399 1109 Aa.
2418 1094 2443 1120 3,

1301 1128 1381 1160 Fidei
1399 1129 1487 1161 Zelus
1504 1131 1538 1162 δε
1556 1130 1616 1162 Piae
1634 1132 1805 1165 Devotionis
1823 1136 1988 1178 Sinceritas,
2346 1125 2374 1186 ξ’
2396 1132 2422 1148 2'
2466 1140 2470 1144 ’

1309 1168 1424 1213 Qibus
1448 1169 1639 1215 Sacrosant-Ztae
1657 1172 1797 1204 Romanae
1815 1174 1949 1207 Eccleiiae
1967 1187 2000 1208 ac
2014 1202 2023 1217 ,
2051 1180 2231 1214 Sandtiffimo
2250 1183 2324 1215 Patri
2344 1168 2404 1226 Ra}
2416 1170 2462 1225 3‘1

1264 1206 1298 1237 δε
1312 1205 1459 1244 Domino,
1481 1208 1615 1253 Domino
1627 1211 1754 1255 Urbaafo,
1772 1212 1858 1250 digna
1873 1214 1931 1245 Dei
1947 1215 2146 1258 Providentifi,
2163 1222 2243 1259 ipiius
2259 1222 2323 1253 Ro·
2404 1205 2439 1252 'pf
2469 1219 2475 1227 ‘

1263 1253 1355 1288 manae
1371 1255 1404 1276 ac
1423 1245 1596 1278 Universalis
1613 1248 1748 1280 Eccleiiae
1764 1254 1868 1282 Summo
1889 1254 2029 1294 Pontifici,
2053 1268 2124 1289 vero
2141 1258 2248 1291 Christi
2268 1260 2322 1291 Vi-
2342 1247 2378 1265 Μ’
2395 1245 2439 1274 39*

1263 1292 1356 1322 cario,
1372 1284 1477 1315 ardenti
1494 1286 1635 1317 afficimur
1652 1288 1804 1328 desiderio,

1284 1321 1369 1365 ‘Nos
1385 1324 1523 1355 inducunt
1542 1334 1572 1356 ut
1589 1325 1698 1364 eidem,
1717 1329 1789 1358 circa
1809 1328 1978 1362 Flutft‘uantis
1996 1332 2071 1364 Petri
2089 1334 2242 1367 Naviculae
2262 1338 2324 1369 Rea

1282 1369 1357 1390 imen
1370 1383 1383 1405 ,
1405 1361 1456 1391 hiis
1473 1363 1627 1406 praesertim
1645 1364 1813 1398 Procellosis
1830 1371 2021 1411 temporibus,
2043 1373 2195 1414 insudanti,
2220 1376 2324 1408 favoris

1289 1398 1393 1430 raesidia
1410 1410 1568 1437 partiamur.

1300 1436 1406 1480 Nuper
1422 1438 1573 1479 fiquideni,
1598 1442 1627 1471 in
1645 1441 1834 1474 Parliamento
1850 1445 1950 1477 nostro
1967 1449 2108 1487 generali,
2133 1452 2205 1490 apud
2224 1453 2322 1484 Glou:

1262 1474 1393 1506 cestriam
1420 1478 1560 1520 celebrato
1577 1502 1587 1517 ,
1612 1479 1746 1518 Fruffiius,
1773 1482 1924 1522 Redditus,
1949 1487 1983 1516 &
2002 1486 2161 1520 Proventus
2179 1501 2319 1528 quorum-

1262 1523 1389 1557 cumque
1404 1513 1590 1553 Dignitarurn
1600 1541 1609 1554 ,
1624 1516 1841 1559 Personatuum,
1858 1522 2048 1563 Officiorum,
2064 1526 2253 1560 Ecclesiarum
2268 1531 2322 1561 Pa=

1262 1552 1428 1597 rochialium
1450 1576 1460 1592 ,
1479 1554 1765 1596 Canonicatuumque
1779 1581 1788 1597 ,
1815 1561 1848 1591 ὃς
1869 1560 2089 1594 Praebendarum
2106 1590 2115 1603 ,
2147 1577 2179 1597 ac
2202 1568 2322 1600 aliorum

1262 1589 1470 1622 Beneficiorum
1491 1593 1754 1626 Ecclesiasticorum
1777 1599 1974 1638 (quocumque
1996 1601 2131 1634 Nomine
2156 1605 2201 1636 vel
2217 1606 2321 1639 Titulo

1263 1629 1426 1661 censeantur
1453 1632 1525 1662 infra
1538 1632 1677 1672 Regnum
1690 1635 1724 1665 ὃς
1739 1635 1879 1668 Dominia
1895 1638 1990 1669 nostra
2002 1640 2182 1673 existentium
2193 1666 2202 1681 ,

1300 1667 1354 1699 Per
1375 1667 1407 1699 G
1434 1669 1520 1709 licos,
1538 1671 1584 1702 seu
1603 1672 1680 1702 aliter
1700 1672 1869 1706 Adversario
1882 1677 1981 1708 nostro
1997 1678 2123 1710 Franciae
2137 1683 2322 1720 quomodoli÷

1261 1706 1311 1737 bet
1325 1707 1513 1748 Adherentes,
1533 1711 1756 1748 quomodocum
1778 1722 1814 1743 ue
1826 1724 2052 1756 occupatorum,

1300 1745 1349 1776 De
1364 1745 1501 1790 Concilio
1516 1749 1550 1780 ὃς
1566 1749 1748 1780 Avisamento
1788 1761 1921 1784 rocerum
1936 1754 2030 1793 Regni
2055 1757 2163 1796 nostri,
2183 1760 2217 1791 &
2236 1770 2321 1798 prout

1262 1782 1463 1853 Proffenitores
1483 1786 1588 1826 nostri,
1607 1788 1690 1819 clarae
1715 1792 1881 1831 memoriae,
1899 1792 2062 1825 durantibus
2076 1795 2210 1837 Guerris,
2228 1799 2321 1831 facere

1261 1832 1318 1853 con
1332 1833 1469 1854 ueverunt

1298 1862 1345 1893 Ad
1360 1862 1466 1894 Manus
1474 1849 1586 1895 ²nostras
1597 1864 1758 1905 posuimus,
1779 1866 1937 1908 nostroque
1951 1869 2068 1902 AErario
2083 1873 2180 1905 Fiscali
2191 1875 2323 1914 juffitnus

1259 1901 1417 1940 applicare,

1299 1939 1348 1971 Set
1362 1940 1482 1979 deiude,
1500 1951 1551 1980 per
1564 1942 1673 1980 aliquos
1687 1943 1844 1984 Nuncios,
1863 1946 1909 1976 seu
1924 1946 2133 1981 Ambaffitores
2147 1951 2278 1992 nostros,
2288 1954 2324 1985 ad

1259 1977 1330 2008 Nos
1361 1978 1397 2009 de
1412 1979 1562 2011 Praesentia
1577 1981 1747 2012 Sanetiffimi
1764 1983 1851 2014 Patris
1871 1986 2018 2025 praeditsti,
2037 1988 2183 2020 redeuntes
2217 1992 2325 2024 Literas

1257 2016 1303 2047 seu
1323 2001 1412 2047 &unas
1432 2018 1610 2063 Apostolicas
1630 2022 1788 2058 recepimus
1808 2025 2001 2063 continentes,
2019 2028 2101 2064 quod
2125 2014 2204 2060 Dua's
2226 2030 2322 2063 Partes

1259 2055 1415 2087 Frueruum
1453 2057 1648 2096 Reddituum,
1666 2059 1699 2090 &
1715 2059 1912 2093 Proventuum
1927 2062 2133 2096 Beneficiorum
2148 2068 2321 2110 hujusmodi,

1260 2104 1310 2134 per
1323 2095 1395 2125 olim
1411 2079 1574 2128 Cardinales
1591 2097 1642 2128 fibi
1655 2097 1789 2130 Rebelles
1806 2109 2030 2141 occupatorum,
2050 2103 2181 2137 Camerae
2201 2107 2256 2138 suae
2280 2109 2321 2139 A-

1259 2132 1428 2173 postolicae,
1446 2145 1563 2173 propter
1582 2136 1661 2174 ipsius
1679 2136 1867 2178 Indigentias,
1886 2140 2016 2171 Tertiam
2035 2145 2107 2173 vero
2136 2150 2244 2182 'partem
2258 2147 2322 2179 Re—

1257 2173 1445 2209 parationibus
1465 2173 1674 2205 Beneficiorum
1694 2178 1881 2217 eorumdem,
1900 2178 2091 2218 Reparatione
2116 2183 2322 2226 indigentium,

1258 2212 1367 2249 optavit
1378 2213 1412 2243 &
1426 2212 1516 2245 voluit
1528 2214 1675 2254 applicari,

1296 2249 1365 2281 Nos
1376 2254 1448 2282 vero
1456 2275 1466 2289 ,

1296 2288 1382 2327 Ipsius
1403 2291 1561 2330 Sanc‘lzffimi
1584 2294 1679 2322 Patris
1701 2292 1868 2333 Indigentias
1887 2295 1920 2326 &
1943 2295 2093 2337 Sumptus,
2113 2308 2184 2338 quos
2205 2310 2320 2340 propter

1259 2327 1466 2360 Defensionem
1483 2331 1562 2361 Fidei
1576 2341 1610 2361 ac
1624 2330 1717 2362 Statfis
1729 2333 1769 2363 sui
1786 2333 1875 2373 ipsum
1891 2334 1979 2366 indies
2001 2339 2150 2375 oportebit
2171 2340 2320 2377 impende-

1258 2376 1288 2397 re
1296 2389 1306 2405 ,
1324 2367 1354 2396 in
1367 2369 1422 2405 piae
1436 2367 1676 2400 Considerationis
1690 2372 1819 2402 examine
1834 2373 2023 2413 revolventes,

1299 2405 1384 2436 Licet
1397 2408 1494 2438 omnia
1506 2407 1585 2439 Bona
1597 2409 1723 2446 ipsorum
1737 2409 1934 2451 Gallicorum,
1948 2413 1994 2443 seu
2009 2414 2072 2444 alias
2088 2415 2262 2455 Adveffario
2274 2429 2321 2449 no-

1249 2442 1309 2484 stro
1325 2447 1448 2475 Franciae
1461 2446 1682 2485 quomodolibet
1698 2448 1929 2487 Adhaerentium‚

1293 2483 1384 2514 Sicuti
1396 2485 1508 2516 constat
1522 2486 1595 2524 ipsos
1608 2487 1680 2517 olim
1696 2485 1856 2519 Cardinales
1871 2488 1998 2520 Gallicos
2013 2491 2046 2521 ὃς
2069 2491 2318 2534 Limovicensem,

1258 2524 1307 2560 qui
1317 2523 1375 2560 jam
1389 2523 1468 2554 dicto
1481 2524 1644 2564 Sanc‘liffimo
1659 2528 1742 2555 Patri
1755 2526 1790 2556 de
1806 2526 1894 2558 Facto
1908 2527 2109 2568 Rebellantui·,
2129 2531 2220 2562 eidem
2233 2543 2320 2564 noto—

1256 2562 1299 2591 rie
1314 2561 1456 2592 adliaerere
1471 2564 1504 2593 δε
1515 2562 1650 2594 haetenus
1661 2564 1803 2595 adhaesisse
1811 2589 1820 2603 ,

1296 2599 1371 2629 Infra
1388 2600 1521 2639 Regnum
1534 2603 1567 2633 ὃς
1581 2601 1719 2633 Dominia
1731 2602 1825 2633 nostra
1839 2603 1999 2643 existentia,
2017 2606 2100 2637 nobis
2122 2607 2192 2647 sint,
2211 2609 2247 2640 de
2265 2610 2322 2642 Le-

1256 2645 1292 2676 ge
1305 2638 1388 2674 ipsius
1402 2639 1496 2679 Regni
1511 2640 1617 2678 nostri,
1635 2643 1748 2672 notorie
1761 2641 1928 2681 confiscata,
2300 2647 2303 2651 ’

1295 2676 1428 2707 volentes
1447 2686 1542 2709 tamen
1563 2679 1657 2709 eidem
1677 2680 1843 2719 Sanlttffimo
1866 2683 1966 2720 Patri,
1984 2683 2068 2713 etiam
2084 2684 2186 2716 nostris
2199 2688 2271 2724 agris
2284 2687 2319 2718 fi-

1258 2715 1405 2754 tientibus,
1424 2717 1452 2746 in
1467 2725 1546 2748 tanto
1561 2717 1727 2749 neceffitatis
1741 2719 1888 2758 Articulo,
1906 2721 2070 2760 subvenire,

1295 2753 1455 2793 Volumus,
1473 2755 1507 2786 &
1528 2756 1566 2786 de
1585 2758 1671 2796 gratia
1693 2756 1787 2788 nostra
1807 2757 1918 2795 speciali
1938 2758 2150 2800 Concedimus,
2169 2771 2200 2792 ut
2220 2763 2319 2795 Colle-

1257 2791 1338 2830 ἂοῐ,
1357 2794 1424 2831 qui,
1442 2803 1495 2831 pro
1516 2803 1593 2832 parte
1612 2795 1694 2835 ipsius
1714 2796 1875 2836 Sanfflffimi
1895 2799 1991 2826 Patris
2003 2820 2013 2836 ,
2040 2799 2068 2828 in
2089 2798 2197 2837 Regno
2217 2802 2317 2833 nostro

1256 2830 1368 2868 Angliae
1390 2832 1472 2862 fuerit
1492 2843 1545 2871 pro
1566 2841 1717 2872 tempore,
1737 2834 1773 2864 de
1795 2835 1930 2865 omnibus
1951 2836 1985 2865 &
2008 2836 2118 2875 singulis
2140 2838 2314 2879 Frustubus,

1254 2868 1440 2910 Redditibus,
1458 2871 1491 2901 &
1507 2871 1697 2903 Proventibus
1712 2872 1918 2902 Beneficiorum
1933 2873 2107 2913 hujusmodi,

1291 2908 1346 2938 Per
1358 2909 1433 2939 olim
1449 2908 1610 2940 Cardinales
1625 2910 1719 2940 eidem
1733 2910 1913 2941 Sanetiffimo
1928 2911 2004 2943 Patri
2026 2913 2175 2952 Rebelles,
2192 2916 2278 2947 etiam
2295 2917 2315 2948 fi

1254 2948 1316 2984 puri
1331 2947 1453 2985 Gallici,
1471 2948 1517 2978 vel
1529 2948 1594 2978 alias
1609 2948 1688 2979 dieto
1702 2949 1876 2989 Adveffario
1888 2952 2010 2980 Franciae
2026 2951 2227 2992 Adhaerentes,
2245 2957 2319 2986 cirti-

1251 2993 1363 3024 terunt‚
1380 2995 1586 3023 occupatorum
1595 3009 1606 3024 ‚

1291 3025 1406 3063 Absque
1416 3024 1626 3062 impedimento
1640 3024 1728 3056 nostri
1764 3026 1942 3058 Officialium
1966 3027 2011 3058 vel
2035 3027 2236 3061 Ministrorum
2261 3042 2317 3062 no-

1253 3062 1379 3093 strorum
1396 3073 1658 3102 quorumcumque,
1674 3064 1708 3094 ad
1726 3049 1824 3095 (Jsum
1840 3068 1873 3097 &
1889 3065 2053 3097 Utilitatem
2068 3069 2152 3105 ipsius
2181 3070 2321 3109 Sam‘lrffi-

1254 3105 1290 3130 mi
1309 3104 1403 3131 Patris
1425 3102 1458 3132 &
1478 3101 1701 3139 Reparationum
1721 3104 1936 3141 praedirstarum,
1955 3105 2043 3135 libere
2067 3107 2214 3145 disponere
2228 3109 2316 3139 valeat

1254 3141 1283 3170 in
1300 3140 1404 3171 Forma
1419 3141 1500 3170 nobis
1513 3142 1542 3170 in
1554 3141 1634 3171 dietis
1650 3141 1761 3172 Litteris
1776 3142 1951 3180 Apostolicis
1966 3145 2135 3183 express'ata,

1295 3179 1448 3209 Reservato
1461 3179 1561 3216 nobis,
1578 3180 1624 3210 seu
1639 3179 1815 3219 Deputandis
1830 3191 1879 3219 per
1896 3181 1983 3219 Nos,
2001 3182 2150 3221 Supervisu
2171 3185 2205 3216 δε
2228 3184 2315 3215 Ordi-

1253 3219 1369 3249 natione
1385 3217 1503 3256 ipsarum
1516 3217 1758 3257 Reparationum,
1776 3230 1842 3258 quas
1854 3220 1935 3250 nullo
1949 3220 2041 3252 modo
2055 3223 2187 3253 volumus
2202 3233 2318 3261 praeter⁴

1255 3266 1347 3287 mitti:

1293 3296 1441 3334 roirca
1455 3295 1537 3325 vobis
1551 3295 1688 3326 omnibus
1699 3297 1733 3328 &
1748 3296 1876 3336 singulis,
1893 3307 1926 3328 ac
1941 3297 2069 3328 vestrum
2085 3299 2214 3337 cuilibet,
2237 3299 2315 3330 Prte-

1254 3335 1374 3369 cipimus
1388 3334 1420 3364 St
1437 3333 1608 3364 Mandanius
1623 3336 1926 3373 quatinus,discreium
1939 3335 2041 3366 Virum
2051 3359 2060 3374 ,
2079 3338 2228 3375 cosmatum
2242 3341 2315 3368 Gen-

1253 3372 1327 3411 tilis,
1345 3373 1427 3410 ipsius
1442 3371 1603 3411 SanHiffimi
1614 3375 1710 3403 Patris
1726 3372 1910 3413 Capelianum
1925 3375 1958 3404 &
1974 3373 2188 3413 Collectoiem,
2205 3387 2254 3414 per
2270 3379 2314 3416 ip-

1254 3411 1316 3441 sum
1337 3412 1366 3441 in
1387 3410 1493 3448 Regno
1517 3410 1615 3441 nostro
1635 3412 1682 3442 An
1702 3412 1746 3442 liae
1754 3413 1812 3450 jam
1827 3413 1938 3442 noviter
1952 3411 2146 3452 Deputatum,
2164 3414 2200 3444 de
2215 3417 2313 3446 omni-

1253 3449 1305 3479 bus
1321 3451 1354 3481 ὃς
1369 3449 1475 3488 singulis
1492 3449 1669 3489 Frudtubus,
1721 3450 1873 3488 eddiribus,
1891 3451 1924 3480 &
1946 3449 2133 3493 Proventibus
2155 3452 2311 3484 Beneficio-

1253 3498 1319 3518 rum
1346 3488 1502 3525 hujusmodi
1532 3498 1781 3528 quorumcumque
1804 3489 1891 3527 (olim
1913 3487 2106 3520 Cardinaliurn
2128 3490 2309 3530 Rebellium)

1251 3527 1354 3565 absque
1373 3526 1577 3564 impedimento
1595 3526 1690 3558 vestro
1705 3552 1714 3565 ,
1743 3527 1786 3557 vel
1806 3527 1919 3563 alicujus
1938 3527 2066 3558 vestrum
2086 3552 2096 3566 ,
2121 3529 2166 3560 seu
2189 3531 2311 3562 aliorum

1250 3574 1500 3603 quorumcumque
1511 3564 1688 3596 Officialium
1704 3565 1750 3596 vel
1764 3564 1963 3595 Ministrorum
1977 3566 2140 3598 nostrorum
2149 3591 2158 3606 ,
2177 3569 2263 3606 usque
2275 3570 2311 3601 ad

1250 3611 1361 3642 tempus
1376 3603 1488 3634 inferitis
1499 3603 1668 3642 limitatum,
1686 3604 1758 3634 adeo
1771 3604 1875 3642 libere,
1896 3613 1944 3641 pei·
1958 3604 2000 3642 se,
2019 3605 2051 3635 &
2067 3605 2152 3644 alios,
2170 3608 2204 3636 ad
2226 3608 2307 3638 usum

1253 3640 1386 3673 Camerae
1407 3640 1568 3680 SanHiffimi
1588 3645 1682 3671 Patris
1704 3642 1844 3680 praedicti,
1862 3643 2027 3681 disponere,
2047 3644 2174 3682 ipsosque
2186 3644 2308 3678 Fructus

1250 3680 1342 3712 levare
1356 3682 1389 3712 &
1405 3682 1513 3718 exigere
1526 3681 1555 3710 iii
1568 3679 1662 3710 form&
1676 3681 1800 3718 superius
1816 3680 1946 3719 limitata,
1963 3681 2066 3720 absque
2089 3681 2306 3716 contradictio-

1250 3729 1287 3749 ne
1300 3720 1420 3758 qualibet
1435 3719 1613 3756 permittatis,
1632 3719 1710 3749 sicuti
1724 3719 1793 3749 dieii
1805 3719 1876 3749 olim
1893 3719 2054 3750 Cardinales
2070 3721 2219 3761 Rebelies,
2232 3732 2307 3754 tems

1249 3767 1320 3796 pore
1339 3758 1428 3787 firmic
1451 3756 1531 3787 Pacis
1553 3758 1626 3786 inter
1641 3757 1710 3787 Nos
1723 3758 1756 3789 ὃς
1774 3763 1788 3775 *
1807 3757 2002 3788 Adversarium
2016 3758 2146 3789 nostrum
2162 3760 2305 3800 Franciae,

1247 3797 1394 3834 disponere
1414 3795 1645 3833 consueverunt,
1672 3795 1813 3827 Mandato
1835 3798 1879 3827 seu
1901 3796 2042 3827 Mandatis
2063 3800 2208 3829 contrariis
2222 3822 2233 3838 ,
2255 3811 2306 3839 per

1249 3845 1303 3866 nos
1318 3836 1391 3873 prius
1405 3833 1499 3871 faxitis,
1517 3844 1578 3864 non
1589 3833 1763 3864 obstantibus
1778 3835 2017 3873 quibuscumun

1286 3873 1426 3904 Volumus
1441 3881 1533 3902 autem
1546 3872 1626 3910 quod
1641 3873 1703 3903 haec
1719 3872 1814 3903 nostra
1828 3873 1957 3903 Gratiosa
1971 3872 2141 3913 Concessio,
2160 3882 2247 3914 quam
2261 3878 2306 3910 fu-

1248 3913 1315 3943 turis
1327 3912 1501 3948 temporibus
1514 3910 1549 3940 ad
1562 3909 1803 3950 Consequentiam
1817 3912 1886 3942 trahi
1899 3911 2046 3950 nolumus,
2064 3923 2079 3943 a
2093 3923 2223 3952 tempore
2244 3916 2305 3947 Re-

1249 3951 1375 3980 bellionis
1390 3949 1565 3986 hujusmodi,
1585 3949 1670 3988 usque
1684 3950 1717 3979 ad
1731 3950 1843 3980 Festum
1858 3949 1954 3980 Saneri
1971 3950 2134 3991 Michaelis,
2152 3954 2232 3992 quod
2253 3956 2306 3985 erit

1248 3988 1336 4019 Anno
1358 3987 1480 4017 Domini
1501 3986 1673 4026 Millesimo,
1698 3987 1931 4027 Tricenteiim0‚
1956 3987 2163 4030 Odiogefimo,
2189 3993 2223 4024 &
2244 4002 2305 4023 non

1249 4027 1320 4059 ultra
1330 4049 1339 4064 ,
1359 4027 1446 4056 robur
1461 4027 1587 4062 optineat
1599 4025 1745 4058 firmitatis.

1286 4065 1320 4095 In
1337 4066 1431 4103 cujus,
1451 4064 1510 4096 &c.

1263 1097 1322 1120 tem
1443 1054 1476 1084 &
1493 1054 1550 1085 aliis
1568 1055 1708 1087 Fidelibus
1727 1058 1761 1088 &
1779 1060 1901 1091 Subditis
1918 1061 1987 1100 suis,
2011 1064 2045 1093 ad
2064 1075 2149 1104 quos,

2330 3781 2346 3798 ⁴
2363 3775 2432 3808 Vllss:

2222 4102 2312 4138 Testss
