2561 4251
782 153 882 195 ET
975 150 1241 193 ACTA

35 241 99 272 &¹¹¹1-
115 237 156 270 D·
172 244 373 278 comunitate»
387 242 477 274 Manu
492 240 558 272 forti
574 242 607 273 &
624 239 738 271 Armati
752 241 888 269 Servituti
903 239 936 270 &
948 241 1096 269 Pravitati
1115 237 1224 267 haereti-

13 323 15 326 Α
32 278 126 347 &2388-
171 298 208 317 cae
227 283 429 324 &shismaticae
444 281 568 311 subicere
581 279 730 311 intendunt
745 279 777 309 &
792 286 946 315 conantur,

1327 151 1806 194 PUBLICA.
2272 169 2319 203 ¹9

1282 235 1335 279 *Et
1349 237 1472 280 similiter
1487 239 1614 274 praefatus
1628 238 1759 269 Matheus
1774 240 1892 278 aliquem
1908 240 2087 278 Donarem,
2105 240 2148 271 seu
2162 240 2246 270 alium
2261 241 2317 271 Le·
2335 236 2408 266 Anu.
2423 238 2464 269 D.

1260 283 1300 312 gis
1314 285 1450 312 peritum,
1468 277 1516 313 qui
1530 278 1562 306 ad
1580 278 1772 307 tranleundum
1789 279 1870 316 illuc,
1885 289 1936 315 pro
1955 279 2126 309 Defeniione
2141 279 2225 309 dietae
2240 279 2317 309 Cau-
2361 285 2371 303 1
2382 277 2442 316 {83-

67 337 73 345 .
90 326 118 344 ι.
1260 313 1315 350 sse,
1331 313 1356 342 se
1377 313 1516 344 fortunare
1530 315 1649 346 voluerit
1663 338 1672 354 ,
1691 317 1797 347 ratione
1817 316 1936 346 Guerrae
1953 319 1985 347 ὅ(
1999 317 2194 348 Periculorum
2210 316 2315 356 Maris,
2329 316 2380 342 R2.·.
2399 326 2423 342 2--

19 905 34 925 Ι
49 905 116 933 VII.

13 952 77 980 ·570.

209 324 358 364 Qiodque
372 320 462 351 nullus
473 319 592 358 superest
604 320 640 350 de
656 319 729 349 Filiis
742 318 774 347 &
795 317 852 346 aliis
866 315 1123 350 Descendentibus,
1141 314 1221 356 clarae

169 363 335 400 memoriae,
351 358 450 389 Karoli
462 359 611 397 nuperime
624 360 702 394 Regis
719 354 873 395 Jerusalem
888 353 926 388 (ῤ’
942 353 1037 384 Siciliae
1051 356 1083 384 &
1096 352 1222 395 Comitis

166 401 364 432 Comitatuum
400 397 584 428 medietorum
600 396 648 434 qui
659 396 750 434 aliquo
764 393 854 423 modo
869 392 1005 422 Potentiae
1014 392 1156 434 dictorum
1165 390 1223 420 liii-

167 441 314 471 micorum
328 437 376 467 resi
405 446 451 467 ere
464 437 497 467 δε
512 435 623 466 obstare
641 433 728 465 valeat
743 455 753 471 ‚
771 432 803 462 &
818 430 923 461 eisdem
946 429 1173 460 Comunitatibus
1194 431 1223 459 in

165 477 386 509 Neceffitatibus
400 475 452 505 suis
464 475 620 511 subvenire,
761 509 766 514 1
839 508 844 514 .
1171 507 1175 512 ⁴

200 516 239 547 Et
254 515 371 554 qualiter
385 513 531 544 Dominus
547 509 679 542 Ducatsis
693 510 871 547 Aquitanniae
885 507 976 551 sumus
990 528 999 550 ,
1017 504 1052 535 de
1073 515 1131 550 quo
1149 505 1223 549 ditsla

163 555 315 587 Provincia
324 576 333 591 ,
352 552 479 591 proxima
494 551 523 581 V
525 549 692 582 iciffitudine
703 546 806 577 attenta
820 546 853 576 &
867 547 945 575 brevi
960 544 1098 575 Distantia
1108 556 1171 582 quae
1181 555 1221 573 in-

164 603 207 625 ter
222 591 310 624 dictas
324 592 426 623 Patrias
443 590 532 622 existit
566 585 736 618 Succursum
756 586 788 615 &
805 584 947 614 Auxilium
960 585 1062 621 poterit
1085 585 1224 621 optinere,

200 631 406 669 Perpendentes
421 630 503 660 etiarn
518 611 592 657 clare
605 625 720 661 qualiter
734 633 785 653 vos
802 623 869 653 illuc
884 623 1002 665 faciliter
1025 623 1148 659 poteritis
1173 623 1222 651 de-

165 671 286 709 clinare,
302 670 336 700 ad
351 668 422 707 ipsos
434 667 553 697 nomine
565 664 664 695 nostro
683 662 845 701 juvandum
867 662 899 692 &
922 670 1047 691 maxime
1070 660 1224 691 Roboran-

164 709 292 786 dugiiper
303 757 361 787 quo
377 744 486 775 eaedem
503 742 697 774 Comunitates
713 763 722 778 ,
747 749 796 778 pei·
817 738 926 769 dicium
951 737 1106 782 Nunciurn
1128 737 1224 775 suum,

164 796 198 816 ex
208 785 344 818 consensu
361 784 495 823 generalis
508 781 632 812 Concilii
647 779 702 818 sui,
722 778 819 809 Nobis
832 777 994 820 optulerunt
1009 776 1043 805 ad
1057 776 1147 806 dictos
1162 775 1225 805 Co-

165 826 291 862 mitatus,
308 832 342 854 ac
353 823 439 862 Jura,
456 821 671 861 jurisdictiones
683 842 693 856 ,
713 817 848 852 Fructus,
873 814 1028 851 Redditus,
1047 815 1079 844 ὃ(
1094 813 1225 844 Proficua

164 863 330 894 eorumdem
343 884 353 900 ,
373 862 462 891 modo
476 870 534 899 quo
549 859 597 896 ipsi
617 856 734 894 subjecti
752 856 864 885 fuerunt
886 852 1005 896 praefato
1028 852 1151 896 Karolo,
1172 863 1225 882 nu-

184 912 212 932 er
226 901 338 931 Comiti
356 905 370 919 f
380 900 525 930 dictorum
539 897 737 927 Comitatuum
746 916 755 931 ,
775 894 807 923 ὃς
821 892 1030 921 Successoribus
1043 891 1105 928 suis,
1118 890 1224 921 nostrae

162 939 338 971 bub'effioni
350 947 492 978 perpetuae
504 933 669 974 ponendum
681 933 714 963 δε
728 929 945 962 iubtnittendum
954 952 963 967 ‚
1034 970 1038 974 ¹

227 987 238 1009 t
249 977 329 1017 quod
345 979 403 1006 Nos
418 977 452 1007 &
466 972 620 1012 Successor&
636 970 741 1006 nostri,
760 972 870 999 Domini
890 968 1038 996 immediati
1057 966 1223 997 eorumdem

163 1016 364 1048 Comitatuum
377 1015 475 1052 fimus,
500 1013 533 1044 ὅ(
551 1011 588 1041 de
606 1009 826 1046 Temporalibus
855 1006 1033 1044 Civitatum‚
1053 1006 1204 1036 Terrarum
1215 1029 1224 1043 ,

164 1055 313 1087 Locorum
352 1051 535 1088 Castrorum,
553 1048 776 1086 Rocheriarum,
802 1045 1010 1087 Fortalitiorum
1025 1067 1037 1088 ,
1055 1045 1087 1074 &
1109 1044 1226 1087 Balliva-

162 1105 244 1133 rum,
263 1095 296 1125 δε
309 1075 345 1121 <ie
360 1091 583 1129 quibuscumque
597 1086 752 1118 Officiariis
765 1083 933 1116 eorumdem
949 1082 1159 1121 Comitatuurn,
1168 1084 1221 1114 dii-

164 1142 272 1172 ponere
293 1129 432 1162 valeamus
439 1152 449 1167 ,

198 1170 280 1209 Nos,

197 1208 274 1239 Zelo
284 1205 406 1246 Justitiae
415 1230 425 1245 ,
440 1206 520 1245 cujus
532 1205 624 1236 sumus
638 1205 672 1236 &
685 1202 739 1234 esse
753 1202 880 1232 volumus
893 1198 1062 1230 Defensores
1071 1222 1080 1237 ,
1098 1198 1131 1229 ad
1146 1199 1222 1229 Prae-

162 1247 244 1279 miffa
258 1247 359 1277 debitae
374 1244 600 1277 considerationis
615 1243 748 1274 intuitum
762 1240 924 1284 propensius
936 1238 1092 1282 dirigentes,
1201 1276 1206 1281 ι

199 1285 234 1316 N
237 1286 342 1316 olentes
357 1284 515 1323 hujusmodi
531 1282 657 1313 Haereses
667 1289 713 1312 aut
728 1281 863 1310 Scilmata
876 1277 1005 1317 nepharia
1020 1277 1090 1306 infra
1106 1276 1222 1320 Termi-

158 1335 212 1356 nos
224 1323 328 1355 nostrae
342 1322 506 1361 Potestatis,
523 1321 567 1351 seu
580 1321 663 1358 alibi,
680 1327 813 1359 quatenus
827 1319 996 1359 poterimus,
1017 1315 1150 1353 pululare,
1166 1325 1221 1344 im-

161 1365 214 1394 mo
231 1373 285 1404 pro
298 1362 399 1393 nostris
413 1362 517 1392 viribus
531 1359 662 1389 Resecari
676 1358 819 1394 cupientes
831 1358 863 1387 ὃς
880 1355 994 1399 Deleri,
1198 1389 1218 1399 Ἀ

196 1402 233 1432 Et
246 1401 346 1432 exinde
360 1401 396 1431 de
411 1399 508 1431 vestris
522 1398 691 1436 Legalitate,
710 1394 976 1434 Circumspeetione
995 1415 1005 1430 ,
1030 1393 1064 1423 ὃς
1083 1390 1223 1421 Industria

158 1440 285 1479 providis
299 1440 411 1477 plenam
426 1440 459 1470 &
474 1437 590 1468 solidam
605 1435 739 1467 fiduciam
754 1442 938 1471 reportantes,
1037 1468 1043 1475 Ἰ
1080 1468 1085 1474 .

198 1478 259 1509 Vos
276 1477 510 1508 Commisiarium
523 1475 652 1506 nostrum
664 1473 823 1514 generalem
839 1471 992 1505 creamus,
1020 1468 1164 1505 facimus,
1187 1468 1221 1498 ὃς

159 1518 368 1548 Constituirnus
381 1526 433 1554 per
454 1515 607 1546 Praesentes
623 1536 632 1552 ,
658 1512 692 1543 ad
712 1510 910 1553 Tradiandurn
923 1531 932 1547 ,
955 1506 1222 1551 'Concordan'durffi

157 1555 377 1592 Paciscendum,
395 1556 428 1586 &
444 1552 685 1584 Conveniendum
699 1559 766 1580 cum
782 1547 1012 1591 Comunitatibus
1024 1547 1057 1575 &
1073 1544 1220 1575 Univerii-

155 1595 258 1626 tatibus
272 1593 473 1624 Comitatuum
494 1590 654 1621 Provinciae
668 1590 700 1621 &
716 1587 911 1629 Forcalquerii·
922 1584 1121 1628 praedictorum
1141 1606 1150 1621 ,
1168 1593 1222 1620 pro

158 1633 260 1664 Nobis
273 1633 307 1663 ὃς
324 1631 461 1661 Nomine
472 1629 588 1667 nostro,
606 1628 640 1657 de
657 1628 690 1658 ὃς
705 1626 783 1664 super
798 1625 926 1655 Materus
945 1623 1085 1662 praediciis
1098 1644 1107 1659 ,
1126 1624 1159 1653 ὃς
1175 1632 1220 1651 ea-

156 1682 220 1704 rum
237 1670 377 1710 qualibet,
395 1678 465 1700 cum
480 1677 574 1698 earum
595 1665 800 1703 incidentibus,
827 1662 1062 1703 Dependentibus
1083 1661 1116 1691 &
1137 1659 1220 1690 Con-

178 1719 211 1739 ex
222 1720 234 1739 s

155 1721 177 1743 n
196 1720 291 1779 l-ic’ad
304 1748 401 1778 omnia
414 1747 447 1777 &
463 1745 582 1785 singula,
600 1754 663 1783 quae
682 1743 720 1773 sic
741 1752 790 1782 per
811 1751 861 1772 vos
881 1740 1013 1785 tractata,
1039 1737 1223 1784 concordata,

158 1788 191 1818 &
205 1796 346 1818 conventa
361 1786 464 1816 fuerint
477 1786 505 1814 in
521 1782 689 1820 Praemiffis,
709 1781 851 1812 securitate
863 1778 957 1809 debita
978 1780 1010 1809 &
1034 1776 1172 1815 honesta,
1190 1786 1220 1806 in

155 1827 218 1859 hoc
232 1826 313 1864 casu,
331 1825 466 1855 Nomine
480 1822 596 1859 nostrO,
616 1820 798 1851 Firmandurn
812 1820 843 1849 ὃς
860 1817 1044 1861 Vallandum,
1063 1856 1067 1861 ‚

195 1864 325 1895 Necnon
339 1864 436 1893 omnia
450 1861 500 1892 alia
514 1862 547 1891 ὅ(
564 1860 684 1900 singula,
702 1860 776 1890 circa
796 1857 962 1901 Negotium
983 1854 1150 1899 praedistum
1171 1863 1221 1884 ne-

157 1903 272 1937 ceffaiia
286 1903 332 1933 seu
346 1901 564 1940 quomodolibet
577 1907 717 1936 oportuna
734 1921 744 1936 ,
767 1895 939 1927 Faciendum
954 1917 964 1931 ,
988 1893 1220 1930 hxcercendum,

155 1940 418 1980 Petendurn,Reci
441 1939 558 1970 iendum
573 1935 839 1976 ,stipulandum,&
855 1934 972 1963 finaliter
991 1932 1219 1972 Expediendum,
1266 1949 1269 1951 -

196 1979 385 2010 Praeficientes
429 1988 461 2008 os
477 1977 586 2008 ulterius
600 1977 633 2009 &
655 1974 867 2005 Constituentes
887 1970 914 2001 V
928 1980 940 2000 1
952 1981 968 2001 c
979 1981 998 2001 A
1008 1980 1031 2000 R
1045 1980 1057 2000 1
1068 1979 1125 2000 UM
1155 1979 1175 2000 N
1186 1980 1220 2000 o-

157 2028 172 2050 s
181 2028 204 2048 τ
212 2028 235 2048 R
244 2027 265 2048 υ
275 2027 302 2048 M
320 2018 351 2048 G
361 2027 379 2048 E
389 2026 411 2047 N
422 2027 439 2047 ε
450 2025 473 2046 R
481 2027 500 2046 A
508 2024 528 2045 L
538 2024 554 2045 ε
564 2023 602 2052 M,
621 2024 654 2044 ac
667 2014 748 2044 vobis
761 2012 877 2042 liberam
892 2010 1079 2048 Facultatem,
1098 2009 1220 2053 auetori-

155 2066 241 2089 tatem
257 2056 459 2093 sufficientem,
478 2056 510 2087 ὃς
544 2054 674 2084 lenariam
688 2051 872 2091 potestatem,
891 2047 1038 2093 postquam
1053 2048 1220 2091 Negotium

180 2096 328 2126 raedietum
342 2105 390 2133 per
403 2104 457 2124 vos
477 2094 502 2123 se
541 2093 638 2130 nierit,
660 2090 859 2121 Concedentes
880 2088 912 2117 ad
932 2087 1084 2132 CiVitateS,
1103 2086 1220 2131 Terras,

151 2161 155 2167 .
190 2134 262 2173 illas,
280 2134 378 2171 Loca,
398 2132 514 2169 Castra,
533 2131 703 2167 Roclierias,
721 2128 878 2164 Fortalitia,
896 2127 928 2157 ὃ(
946 2126 1061 2156 Ballivas
1075 2125 1220 2170 hujusmo-

156 2173 202 2212 di,
219 2183 287 2204 cum
302 2182 401 2203 eorum
412 2171 545 2211 Juribus,
558 2168 821 2208 Jurisdic'tionibus,
839 2165 1026 2196 Libertatibus
1041 2188 1050 2203 2
1064 2165 1107 2195 ‘&
1129 2164 1218 2194 Perti-

154 2213 258 2243 nentiis
271 2205 430 2246 universiis,
445 2209 579 2240 Nomine
597 2206 695 2238 nostro
711 2204 938 2243 Recipiendum,
957 2205 989 2235 St
1002 2213 1033 2235 ei
1048 2212 1096 2241 per
1111 2202 1170 2233 Vos
1184 2204 1218 2234 &

1260 361 1295 380 ne
1317 359 1376 380 neat
1391 361 1532 390 invenire,

1297 360 1445 427 Quodque
1461 391 1550 427 plures
1568 391 1691 430 Gentes,
1710 403 1774 430 quae
1788 393 1816 422 in
1838 392 1928 423 Causa
1948 393 2081 433 predicia
2094 403 2126 424 ut
2141 393 2242 424 Testes
2254 393 2316 425 sunt

1261 428 1451 463 producenda:
1467 451 1476 466 ,
1492 428 1526 458 ad
1547 431 1738 460 transeundem
1756 431 1846 461 versus
1866 431 1972 461 dietam
1990 432 2009 460 is
2019 432 2091 461 iilam
2105 432 2205 463 Calelii
2218 433 2244 463 se
2258 433 2317 462 for-

1261 475 1358 496 tunare
1371 475 1429 495 non
1445 467 1562 497 audeant
1578 477 1611 497 ex
1625 469 1701 499 causa
1712 469 1933 500 Dubitationum
1949 470 2163 509 praediciarum,

1284 504 1344 546 *Ac
1362 505 1445 533 etiarn
1462 505 1568 541 praefati
1589 506 1761 536 Executores
1781 509 1814 538 ὃς
1829 508 1977 547 praedictus
1998 508 2107 545 HueO,
2127 517 2239 547 propter
2253 508 2315 539 De-

1261 541 1396 572 bilitatem
1410 543 1442 572 &
1458 543 1658 581 impotentiam
1673 544 1838 582 Corporum
1853 546 1963 575 suorum
1973 569 1981 582 ,
1998 548 2026 576 in
2041 546 2111 576 statu
2128 557 2184 577 non
2202 548 2316 579 existant

1262 580 1295 609 ad
1318 580 1547 622 transfretandum
1572 582 1654 611 Mare
1676 593 1726 618 pro
1750 583 1920 613 Defensione
1942 583 2039 614 Caufie
2060 584 2219 623 lupradiistae
2235 609 2244 623 ‚
2268 596 2317 625 per

1261 619 1337 655 quod
1352 618 1448 649 eadem
1465 618 1553 649 Cauta
1569 619 1657 656 pollet
1671 621 1783 650 faciliter
1796 622 1938 660 deperire,
1956 624 2005 653 nii'i
2019 633 2067 662 per
2082 623 2149 653 Nos
2161 625 2196 653 de
2210 624 2319 654 Reme-

1262 657 1310 686 dio
1325 658 1353 686 in
1368 658 1418 687 hac
1434 667 1509 696 parte
1522 659 1698 695 provideatur
1713 668 1873 697 oportuno,

1301 694 1426 724 velimus
1439 695 1561 726 Causam
1576 696 1753 734 praedictam,
1772 698 1802 726 in
1816 697 1885 728 statu
1899 708 1957 735 quo
1974 709 2050 729 nunc
2065 698 2122 736 cst,
2141 709 2256 738 coram,
2275 700 2319 730 di-

1263 732 1341 762 led'tis
1357 734 1388 762 ὃς
1401 733 1541 772 fidelibus,
1557 734 1655 764 nostris
1692 735 1792 764 Thoma
1806 739 1880 765 Dace
1893 736 2074 775 Gloucestriae,
2092 738 2321 777 Constabulario,

1263 772 1297 801 ὃ(
1311 771 1412 799 Thema
1427 775 1528 801 Comite
1543 775 1652 812 Notyng
1660 777 1768 812 oamiae,
1786 773 1953 804 Marescallo
1970 797 1978 811 ,
2000 775 2098 805 nostris
2113 776 2242 815 Angliae,
2258 776 2320 807 De-

1263 808 1433 877 citkenssm,
1449 820 1483 840 ex
1499 810 1589 850 Regia
1604 811 1741 851 potestate
1757 813 1900 843 committi
1910 813 2007 850 jubere
2017 835 2026 850 ,

1328 855 1339 877 t
1390 858 1438 886 os,

1300 885 1502 923 Supplicationi
1516 887 1660 923 praedicfiae
1673 889 1774 926 (quarn
1789 897 1822 918 ex
1835 889 1918 919 causis
1940 889 2089 920 Praemiffis
2103 892 2201 921 rationi
2214 892 2316 924 conio-

1261 933 1328 952 nam
1345 924 1407 954 fore
1420 925 1607 961 dinoscimus)
1627 928 1746 965 gratiose
1758 936 1922 965 annuentes,

1300 962 1411 992 Eisdem
1433 963 1646 994 Constabulario
1667 965 1700 995 ὃς
1721 964 1885 995 Marescallo
1898 965 1997 996 nostris
2016 966 2067 996 (de
2078 977 2200 1006 quorum
2215 968 2316 999 Fideli-

1261 1007 1333 1038 tate,
1353 1000 1616 1040 Circumspec‘tione
1631 1026 1640 1040 ,
1657 1004 1690 1033 ὃς
1704 1001 1841 1033 Industria
1862 1005 1984 1041 providis
1998 1004 2108 1041 plenam
2123 1005 2256 1036 fiduciam
2274 1018 2318 1037 re·

1261 1046 1403 1081 portamus
1419 1041 1428 1076 )
1449 1041 1482 1070 ad
1506 1039 1750 1080 Cognoscendum
1765 1063 1775 1078 ,
1794 1040 2008 1072 Procedendum
2023 1065 2032 1080 ‚
2056 1044 2089 1074 &
2107 1043 2317 1076 Diffiniendum

1261 1086 1290 1105 in
1313 1077 1391 1108 causa
1408 1079 1541 1118 praedici-fi
1553 1102 1562 1114 ,
1580 1080 1613 1110 &
1628 1089 1691 1109 eam
1712 1089 1779 1110 cum
1794 1079 1843 1109 suis
1866 1080 2093 1120 Emergentibus,
2110 1082 2319 1121 incidentibus,

1263 1114 1514 1155 Dependentibus,
1533 1118 1566 1147 ὃς
1588 1118 1751 1156 Connexis,
1768 1117 1967 1156 Audiendum,
1986 1118 2187 1150 Decidendum
2199 1144 2208 1160 ,
2226 1123 2259 1152 δε
2274 1122 2319 1151 Fi-

1261 1163 1298 1183 ne
1312 1155 1409 1184 debito
1423 1154 1649 1186 Terminandum
1659 1179 1668 1194 ,
1686 1165 1842 1194 caeteraque
1856 1158 1953 1186 omnia
1967 1158 2016 1187 alia
2029 1158 2061 1188 &
2078 1159 2199 1195 singula,
2219 1161 2247 1189 in
2261 1159 2321 1191 hoc

1260 1193 1322 1222 casu
1338 1193 1485 1223 necessaria
1500 1217 1509 1232 ,
1525 1194 1568 1224 seu
1585 1195 1801 1232 quomodolibet
1815 1203 1956 1233 oportuna
1971 1219 1980 1233 ,
1999 1205 2080 1234 prout
2101 1199 2134 1227 ad
2150 1198 2256 1228 Officia
2273 1199 2318 1229 sua

1262 1229 1485 1262 Constabulariae
1505 1234 1538 1263 ὃς
1562 1232 1750 1263 Marescalciae
1765 1233 1799 1263 de
1812 1234 1872 1272 jure
1887 1235 2017 1264 noverint
2035 1237 2170 1273 pertinere
2183 1259 2193 1274 ,
2213 1237 2320 1267 facien-

1259 1268 1330 1298 dum
1346 1270 1379 1300 ὃς
1395 1271 1618 1309 excercendum,
1637 1281 1685 1309 per
1698 1272 1802 1301 Literas
1823 1271 1926 1302 nostras
1947 1272 2074 1303 Patentes
2093 1276 2320 1305 commiserimus

1261 1306 1345 1337 Vices
1366 1308 1470 1338 nostras
1483 1332 1493 1347 ,
1511 1310 1544 1340 ὃς
1560 1309 1670 1349 plenam
1686 1309 1904 1340 concefferi'rnus
1918 1309 2089 1342 Potestatem
2098 1335 2108 1349 ,
2125 1322 2208 1351 prout
2222 1315 2252 1343 in
2266 1315 2317 1344 eis-

1259 1345 1325 1375 dem
1345 1346 1444 1376 Literis
1457 1347 1558 1377 nostris
1569 1347 1674 1385 plenius
1689 1349 1846 1378 continetur
1855 1371 1864 1386 ,

1300 1383 1387 1426 Vobis
1407 1385 1565 1416 iuhibemus
1585 1387 1617 1417 &
1637 1387 1744 1425 penitus
1766 1387 1952 1426 suspendimus
1972 1398 1986 1417 a
2009 1389 2090 1418 vobis
2106 1387 2317 1426 Cognitionem

1260 1426 1346 1466 caniac
1369 1423 1512 1460 praedic'tae
1526 1447 1534 1460 ,
1551 1424 1728 1464 Iniungentes
1745 1425 1861 1455 firmiter
1882 1426 1960 1464 quiid
1981 1427 2009 1455 in
2031 1426 2118 1457 Causa
2139 1429 2199 1466 illa,
2218 1439 2316 1461 coram

1260 1461 1341 1503 yobis
1360 1462 1469 1492 ulterius
1492 1462 1632 1501 tenendi,
1651 1463 1685 1492 de
1702 1473 1804 1494 caetero
1824 1463 1977 1494 nullatenus
1997 1466 2153 1502 procedatis
2166 1489 2176 1505 ,
2198 1477 2250 1497 nec
2265 1478 2317 1498 vos

1260 1500 1327 1528 inde
1342 1499 1490 1537 aliqualiter
1505 1502 1709 1540 intromittatis,

1297 1537 1493 1575 Praecipiendo
1515 1540 1593 1577 quud
1615 1539 1782 1570 Recordum
1802 1540 1834 1571 &
1854 1540 2020 1570 Processum
2036 1541 2134 1571 Causae
2151 1543 2314 1582 prseditstae,

1259 1585 1326 1605 cum
1339 1577 1472 1606 omnibus
1485 1587 1515 1606 ea
1527 1579 1702 1616 tangentibus
1717 1601 1726 1615 ,
1744 1580 1773 1608 in
1792 1578 1861 1608 statu
1878 1589 1936 1617 quo
1950 1589 2027 1608 nunc
2043 1579 2083 1609 est
2097 1602 2106 1617 ,
2122 1590 2220 1610 coram
2234 1580 2316 1612 Con-

1258 1614 1406 1644 stabulario
1427 1615 1460 1645 δε
1481 1614 1645 1645 Marescallo
1664 1616 1763 1646 nostris
1785 1616 1924 1653 praedie'tis
1939 1640 1947 1653 ,
1966 1618 2015 1646 sub
2039 1618 2134 1656 Sigillo
2147 1620 2254 1657 vestro,
2271 1621 2319 1651 vel

1258 1653 1366 1721 aBltcrius
1381 1652 1524 1692 vestrum,
1542 1653 1672 1685 distincte
1688 1655 1721 1685 &
1734 1656 1846 1692 aperte,
1860 1656 1915 1684 sine
1936 1656 2065 1685 dilatione
2080 1658 2191 1687 mittatis
2210 1658 2241 1688 ἃ
2257 1658 2315 1690 hoc

1283 1701 1363 1729 reve,

1296 1729 1448 1760 Praefatum
1472 1729 1665 1761 Lodowicum
1688 1731 1800 1761 ulterius
1820 1732 2034 1769 praemunientes
2073 1731 2132 1762 uod
2159 1733 2317 1765 Aistionem

1258 1768 1349 1806 suam,
1370 1769 1462 1798 versus
1481 1769 1627 1805 praefatum
1653 1769 1805 1799 Maiheum
1817 1792 1826 1807 ,
1846 1771 1874 1799 in
1889 1769 1976 1799 Causa
1992 1741 2142 1808 praedicta,
2158 1781 2255 1801 coram
2271 1774 2320 1802 eis-

1257 1807 1324 1836 dem
1341 1806 1556 1837 Constabulario
1569 1808 1602 1838 δε
1620 1807 1782 1838 Marescallo
1798 1808 1914 1846 nostris,
1932 1809 1965 1838 ad
1979 1811 2038 1839 dies
2050 1819 2099 1846 per
2115 1818 2162 1839 eos
2175 1811 2223 1840 libi
2239 1810 2319 1850 affig-

1257 1845 1364 1875 nandos
1377 1846 1569 1885 prosequatur,
1588 1846 1606 1875 fi
1622 1846 1671 1876 sibi
1687 1846 1787 1876 viderit
1803 1847 1938 1885 expedire.

1293 1883 1381 1915 Teste
1396 1883 1476 1924 Rege
1490 1885 1563 1923 apud
1580 1884 1835 1924 ukstmonasterium
1843 1908 1853 1923 2
1871 1886 1987 1916 decimo
2001 1884 2046 1915 die
2058 1884 2166 1917 Martii.

1759 1964 1812 1992 Per
1825 1965 1917 1993 Breve
1932 1963 1963 1992 de
1979 1965 2098 1993 Privato
2112 1962 2213 2001 Sigillo.

1365 2092 1422 2121 Pro
1445 2087 1601 2121 Cardinali
1622 2089 1814 2135 Neapolitano
1826 2115 1835 2131 ,
1850 2080 1942 2134 stipes
1961 2087 2205 2135 Praebendisfhis.

1360 2173 1390 2204 X
1406 2156 1570 2214 Omnibus,
1588 2174 1621 2205 ad
1635 2185 1721 2214 quOS,
1741 2175 1800 2206 &c.
1820 2174 1952 2206 Salutem.

1258 2173 1350 2230 RVE

2326 2181 2403 2213 Ann.
2420 2183 2463 2217 D.

1372 2212 1468 2244 Sciatis
1483 2215 1562 2251 qubd
1578 2214 1661 2253 Nos,

1294 2250 1345 2281 Ob
1366 2251 1549 2282 affectionem
1570 2254 1603 2283 ἃ
1619 2252 1838 2282 benivolentiam
1851 2277 1860 2292 ,
1880 2262 1945 2292 quas
1959 2251 2129 2284 Venerabilis
2144 2253 2243 2293 Pater,
2262 2256 2314 2284 Pe·
2328 2265 2381 2289 Ari.
2403 2272 2444 2289 ιι,

1255 2292 1328 2318 rinus
1347 2290 1439 2321 Tituli
1459 2293 1553 2321 Sani‘li
1567 2294 1672 2328 Georgii
1686 2292 1726 2320 ad
1742 2295 1771 2321 V
1770 2290 1838 2320 elum
1853 2296 1979 2321 Aureum
1992 2294 2129 2322 Diaconus
2142 2293 2314 2333 Cardinalis,
2329 2304 2356 2327 R,
2375 2311 2399 2330 2,

1254 2327 1315 2358 alias
1330 2328 1419 2359 dicius
1434 2329 1589 2359 Cardinalis
1602 2329 1812 2367 Neapolitanus,
1830 2340 1893 2370 erga
1905 2330 1975 2360 Nos
1987 2332 2019 2361 ὃς
2034 2330 2169 2371 Regnum
2183 2331 2312 2362 nostrum
2329 2343 2387 2368 fat.
2404 2349 2413 2366 1
2423 2348 2446 2367 ι,

1253 2368 1340 2405 gerit,
1360 2377 1441 2406 prout
1455 2370 1588 2398 veraciter
1604 2369 1697 2399 sumus
1710 2369 1868 2406 informati,
2328 2381 2356 2404 R.
2377 2387 2404 2405 2,
2448 2372 2449 2375 ’

1294 2405 1494 2436 Conccffimus
1508 2407 1600 2437 eidem
1614 2406 1774 2444 Cardiinli,
1791 2416 1928 2444 quantum
1944 2409 1972 2437 in
1992 2408 2075 2438 nobis
2090 2407 2146 2446 est,
2165 2409 2244 2446 quod
2256 2409 2313 2446 ipse
2324 2422 2350 2452 p.
2368 2425 2394 2442 2.

1253 2442 1456 2475 Poffesiionem
1474 2444 1637 2476 Praebendae
1657 2446 1693 2476 de
1708 2444 1884 2484 Gilyngliam
1906 2446 1935 2475 in
1956 2446 2078 2476 Ecclesia
2095 2448 2152 2477 five
2165 2446 2312 2478 Monaste-
2328 2462 2364 2482 m,
2381 2454 2426 2482 28,

153 2249 316 2288 Deputatos
329 2248 437 2280 vestros
449 2247 637 2287 Regendum,
653 2243 892 2280 Gubernandiim,
909 2244 943 2274 δε
954 2243 1030 2273 salvo
1047 2241 1219 2272 Custodien-
2347 2222 2432 2261 1388.

154 2288 235 2327 dum,
255 2298 369 2319 necnon
383 2287 418 2317 de
437 2286 540 2317 eisdem
553 2284 783 2327 Disponendum‚
801 2289 884 2321 prout
898 2291 950 2319 pro
966 2281 1138 2326 Repulsi-one
1146 2280 1218 2310 Hse-

154 2327 247 2359 resum
261 2328 294 2358 &
309 2327 480 2357 Scismatum
493 2322 650 2362 hujusmodi
663 2332 749 2362 magis
761 2319 867 2352 salubre
895 2322 954 2350 fore
976 2321 1097 2351 videritis
1117 2330 1150 2350 ac
1171 2329 1217 2350 ex-

155 2366 268 2405 pediens
280 2367 313 2397 &
326 2373 500 2404 oportunum
508 2387 517 2401 ‚

192 2404 229 2435 Et
244 2404 279 2435 ad
294 2414 396 2435 omnes
409 2405 442 2437 ὃς
460 2401 575 2441 lingulas
591 2401 762 2438 Libertates,
782 2397 972 2435 Franchefias,
1001 2397 1034 2428 ὃς
1057 2394 1216 2426 Consuetu-

156 2443 235 2473 dines
250 2466 260 2481 ,
277 2452 310 2473 ac
325 2441 474 2486 Privilegia
488 2441 531 2471 sua
547 2439 747 2470 innovandum
761 2439 793 2470 &
808 2434 1058 2473 Confirmandum,
1075 2437 1107 2465 &
1123 2436 1172 2465 alia
1179 2436 1216 2464 eis

155 2481 191 2511 de
205 2490 334 2519 tempore
349 2491 378 2510 in
392 2489 516 2521 tempus,
534 2480 663 2520 quotiens
676 2477 784 2508 necesse
802 2476 901 2513 fuerit,
922 2473 1059 2504 Dandum
1079 2474 1112 2504 ὃ(
1134 2473 1216 2504 Con-

157 2520 318 2550 cedendum

196 2558 241 2588 Ac
253 2558 286 2589 ad
304 2542 461 2596 l-iornagia,
475 2556 562 2597 Ligea
576 2555 783 2594 &juramenta
800 2551 948 2582 Fidelitatis
957 2574 966 2589 ,
984 2561 1067 2595 penes
1081 2551 1149 2581 Nos
1168 2559 1217 2589 ge-

154 2596 240 2627 renda
276 2596 310 2626 de
324 2596 466 2634 Praelatis,
484 2595 654 2633 Batonibus,
672 2593 849 2628 Nobilibus,
874 2588 1106 2620 Comunitatibus
1121 2613 1129 2628 ,
1148 2589 1216 2619 Per-

153 2636 225 2666 sonis
238 2619 436 2665 Ecclefiasticis
449 2636 482 2666 &
499 2633 674 2664 Secularibus
685 2630 922 2669 quibuscumque,
933 2638 984 2670 pro
994 2628 1091 2659 Nobis
1106 2629 1139 2660 &
1148 2627 1216 2658 No-

154 2673 231 2703 mine
245 2672 361 2712 nostro,
381 2672 505 2704 similiter
522 2671 730 2710 Recipiendum
742 2693 752 2707 ,
884 2707 889 2713 “

194 2710 392 2750 Promittentes
406 2711 474 2741 Nos
487 2710 614 2749 Rarum,
638 2710 777 2745 Gratum,
803 2708 836 2738 δε
858 2706 985 2750 Firmum
1006 2715 1060 2750 pro
1080 2713 1215 2746 perpetuo

154 2749 296 2779 habituros
311 2749 444 2787 quicquid
460 2759 506 2786 per
521 2748 600 2788 Vos,
616 2749 732 2778 nomine
745 2745 862 2783 nostro,
880 2755 909 2774 in
924 2745 1091 2788 Praeniiilis,
1108 2747 1214 2782 actum,

153 2787 282 2827 gestum,
302 2787 507 2818 concordatum
519 2787 619 2824 fuerit,
636 2786 680 2816 seu
695 2785 846 2823 aliqualiter
861 2791 1048 2812 terminatum.

194 2825 260 2855 Dat.
280 2825 328 2855 sub
343 2825 442 2864 Magni
459 2825 544 2864 Sigilli
557 2825 643 2855 nostri
655 2823 842 2854 Testimonio
854 2823 884 2851 in
900 2821 1010 2851 Palatio
1023 2819 1111 2860 nostro
1128 2819 1212 2860 Wcst-

1252 2483 1296 2513 rio
1313 2482 1488 2514 Monialium
1504 2484 1657 2514 Sliaftonioe
1666 2507 1676 2522 ,
1693 2494 1726 2514 ac
1741 2483 1900 2513 praebendae
1913 2483 1947 2513 de
1962 2485 2052 2514 South
2068 2484 2190 2515 Neuton
2210 2487 2239 2516 in
2254 2485 2314 2518 Ec-

1252 2521 1330 2552 clesia
1344 2523 1398 2552 live
1414 2522 1589 2552 monisterio
1604 2522 1776 2553 Monialium
1792 2523 1952 2552 Wintoniae
1966 2523 2065 2553 Sarum
2081 2523 2227 2563 Dioecese,

1290 2559 1370 2590 Cum
1393 2562 1500 2591 eaedem
1517 2561 1681 2592 l’raebendae
1697 2561 1745 2591 sibi
1757 2571 1805 2601 per
1819 2561 1986 2591 Dominum
2005 2565 2141 2592 Summum
2155 2561 2313 2602 Pontificem

1253 2598 1362 2628 collatae
1377 2600 1495 2635 fuerint,

1290 2636 1343 2666 Per
1360 2637 1560 2668 Procuratores
1578 2638 1656 2677 ipsius
1676 2637 1828 2668 Cardinalis
1849 2637 1963 2676 adipisci
1980 2662 1990 2675 ,
2014 2638 2198 2677 adeptamque
2219 2641 2314 2670 conti-

1251 2685 1336 2705 nuare
1353 2698 1362 2713 ,
1386 2686 1499 2706 necnon
1523 2677 1639 2708 Fruc'tus
1653 2700 1662 2716 ,
1688 2676 1748 2712 &a
1767 2683 1847 2716 prout
1870 2679 1899 2706 in
1921 2676 2044 2715 ejusmodi
2065 2678 2096 2707 de
2112 2680 2239 2708 Licentia
2260 2682 2314 2709 Li-

1253 2717 1326 2742 teris.

1288 2752 1323 2782 In
1338 2753 1431 2790 cujus,
1447 2753 1508 2784 &c.

1322 2791 1409 2822 Teste
1422 2791 1507 2830 Rege
1521 2792 1594 2833 apud
1609 2790 1883 2834 Wbstmonaflerium,
1900 2792 2035 2823 vicefimo
2048 2792 2093 2824 die
2101 2792 2205 2824 Martii.

1888 2871 1941 2899 Per
1953 2868 2033 2908 ipfttm
2048 2872 2152 2907 Regem.

154 2863 294 2903 monaster.
323 2864 435 2903 Quarto
449 2864 494 2896 die
511 2863 626 2902 Martii,

610 2953 663 2980 Per
683 2948 764 2989 ipfitm
780 2950 874 2986 Regem
890 2947 926 2983 ὠ
941 2945 1094 2977 Concilium.

2326 3015 2341 3031 ¹*
2358 3018 2422 3044 VII-

2322 3061 2387 3088 572-

1302 3005 1329 3032 *
1355 3008 1403 3039 De
1421 3007 1624 3038 Sacramentis
1639 3031 1648 3045 ‚
1674 3003 1718 3035 ad
1739 3006 1879 3036 Dominos
1905 3004 2088 3050 Appellantes
2106 3007 2255 3040 Manate-

788 3094 792 3098 ,
1094 3092 1098 3097 ι
1450 3066 1454 3068 ’
1607 3052 1734 3084 nendum
1746 3079 1754 3094 ‚
1783 3052 1946 3098 Capienca'is.

149 3094 243 3138 Super
263 3093 362 3138 Caufiz
374 3119 384 3135 ‚
409 3104 511 3125 coram
531 3090 750 3136 constabulario
768 3102 804 3129 ξφ
818 3089 999 3136 Marescallo
1009 3087 1208 3123 terminanda.

4 3174 79 3220 Ann.
89 3189 130 3220 D.
149 3179 203 3232 R

1310 3138 1391 3176 EX,
1417 3137 1533 3168 Dilecto
1552 3138 1585 3168 δε
1607 3137 1694 3168 Fideli
1717 3138 1765 3167 suo
1782 3161 1791 3175 ,
1810 3137 1957 3167 Anketello
1978 3137 2086 3168 Malore
2100 3162 2110 3178 ,
2128 3149 2161 3170 ac
2177 3138 2301 3170 Viceco-
2319 3139 2396 3169 Ann.
2410 3141 2454 3171 D,

1321 3179 1381 3207 miti
1397 3176 1570 3214 Lincolni2e‚
1591 3176 1724 3206 Salutem.
2344 3179 2427 3217 1388.

1286 3215 1361 3254 (Quia
1383 3215 1492 3244 Praelati
1506 3237 1515 3252 ,
1533 3225 1566 3245 ac
1582 3214 1715 3245 Proceres
1730 3237 1739 3251 ,
1756 3215 1788 3244 ὃ(
1805 3213 1966 3254 Magnates,
1982 3225 2095 3246 necnon
2117 3215 2224 3246 Milites
2238 3215 2302 3247 Co-
2318 3220 2370 3246 An.
2389 3227 2432 3247 ιι.

1246 3140 1300 3195 R

211 3175 294 3214 EX,
311 3177 418 3207 diled‘to
431 3177 465 3207 &
479 3177 553 3207 fideli
569 3177 634 3215 suo,
653 3175 801 3206 Willielmo
824 3175 855 3204 de
875 3174 1046 3212 Beauchamp
1059 3198 1069 3213 ,
1096 3173 1210 3212 Capita-

223 3224 279 3244 neo
296 3214 380 3245 Villae
397 3215 501 3245 nostrae
516 3214 632 3254 Caleni,
650 3216 694 3246 vel
709 3218 764 3253 ejus
781 3215 895 3245 Locum
911 3214 1016 3244 tenenti
1033 3213 1148 3251 ibidem,
1161 3213 1209 3243 Sa-

0 3229 114 3295 ‘4238181
147 3253 244 3285 lutem.·
1247 3255 1412 3291 mitatuum,
1430 3253 1517 3283 Cives
1532 3252 1707 3290 Civitatum,
1723 3253 1755 3282 &
1770 3252 1922 3290 Burgeni'cs
1938 3253 2097 3294 Burgorum
2111 3277 2120 3291 ,
2139 3253 2233 3293 Regni
2248 3264 2300 3285 no-
2315 3258 2344 3282 R.
2367 3265 2393 3283 2.

0 3309 32 3333 R·
52 3316 94 3333 ,ι’
188 3291 362 3331 Supplicavit
376 3291 458 3321 nobis
473 3313 482 3329 ,
507 3291 624 3322 dilectus
646 3291 679 3322 &
702 3290 787 3321 fidelis
809 3290 911 3329 Ligeus
931 3289 1025 3320 noster
1039 3313 1049 3328 ,
1075 3290 1208 3320 Mathoni
1245 3291 1294 3322 stri
1315 3293 1427 3330 Angli-:e
1441 3314 1451 3329 ,
1475 3293 1504 3320 in
1524 3291 1635 3321 instanti
1651 3290 1837 3321 Parliamento
1853 3292 1951 3322 nostro
1971 3292 2113 3331 praesentes
2125 3315 2134 3330 ,
2155 3290 2298 3329 quoddam
2314 3293 2452 3330 claustri:

35 3344 93 3372 Ibid
153 3331 278 3370 Gournay
293 3336 342 3368 ut,
1244 3331 1456 3362 Sacramentum
1479 3339 1577 3360 coram
1602 3328 1700 3359 Nobis
1728 3332 1755 3359 in
1781 3330 1882 3360 eodem
1908 3330 2093 3361 parliamento
2116 3331 2298 3369 corporaliter
2312 3334 2341 3358 R.
2362 3341 2388 3359 2.

0 3390 34 3409 m,
50 3366 99 3410 10:
190 3367 272 3398 Ciam
286 3367 444 3397 Lodowicus
458 3367 489 3397 de
503 3371 645 3406 Sancerre,
672 3365 850 3396 Marescallus
870 3365 996 3396 Franciae
1010 3390 1019 3405 ,
1046 3377 1095 3404 per
1115 3375 1207 3398 certos
1243 3370 1429 3408 praestiterunt
1442 3391 1451 3406 ‚
1467 3368 1500 3398 &
1522 3367 1662 3398 Volumus
1677 3391 1686 3406 ,
1705 3368 1740 3398 de
1756 3368 1934 3398 Avisamento
1957 3368 2081 3399 Concilii
2105 3369 2193 3399 nostri
2206 3370 2234 3399 in
2247 3379 2297 3400 eo-
2314 3378 2350 3397 m.
2367 3379 2397 3406 5.

1242 3408 1308 3438 dem
1329 3407 1517 3438 Parliamcuto
1531 3429 1540 3444 ,
1555 3406 1634 3445 qubd
1651 3407 1745 3436 caeteri
1758 3405 1894 3436 Generoli
1908 3407 1940 3436 &
1957 3406 2049 3437 Validi
2067 3405 2210 3437 Homines
2225 3407 2295 3439 dict-i

1243 3445 1335 3484 Regni
1352 3445 1454 3481 nostri,
1473 3454 1585 3474 necnon
1601 3444 1739 3483 Maiores,
1759 3444 1869 3482 Ballivi,
1893 3445 1925 3475 &
1939 3445 2123 3475 Aldermanni
2136 3445 2295 3478 Civitatum

1242 3486 1274 3515 δε
1296 3485 1452 3523 ssurgorum
1473 3482 1595 3520 ejuldem
1617 3483 1710 3522 Regni
1725 3507 1733 3521 ,
1748 3484 1795 3521 qui
1811 3484 1837 3511 in
1853 3482 1954 3512 eodem
1976 3483 2162 3514 parliamento
2176 3485 2296 3516 minime

1239 3523 1441 3559 interfuerunt,
1460 3522 1672 3552 Sacramentum
1686 3521 1828 3552 conlimile
1842 3520 1944 3551 faciant
1959 3521 2086 3558 indilate,

1279 3560 1370 3591 Vobis
1385 3559 1571 3596 MandamiiS,
1587 3559 1700 3589 firmiter
1714 3559 1906 3597 Injungcntes,
1922 3559 2001 3598 quod
2019 3559 2128 3597 statim,
2146 3561 2206 3591 visis
2214 3560 2290 3592 Prae-

1237 3597 1358 3630 sentibus
1370 3622 1379 3635 ,
1397 3600 1429 3629 δε
1451 3597 1624 3627 excusatione
1644 3607 1820 3635 quacumque
1841 3597 1962 3626 cessante
1979 3620 1989 3636 ,
2006 3599 2144 3635 omnique
2162 3599 2292 3630 dilatione

1237 3638 1401 3677 postpositi,
1421 3636 1631 3666 Sacramentum
1646 3636 1800 3674 hujusmodi
1816 3635 1852 3664 de
1867 3634 2102 3665 Generolioribus
2116 3638 2149 3667 δε
2164 3636 2293 3668 Validio-

1237 3676 1312 3706 ribus
1324 3675 1497 3705 Hominibus
1511 3673 1672 3704 Comitatus
1687 3674 1827 3711 praedicti,
1845 3683 1958 3703 necnon
1973 3673 2145 3712 Majoribus,
2164 3674 2291 3715 Bauius,

1235 3713 1268 3744 &
1290 3713 1483 3744 Aldermannis
1505 3712 1663 3742 Civitatum
1680 3713 1712 3742 ὃς
1732 3711 1888 3749 Burgorum
1903 3712 2023 3748 ejusdem
2045 3711 2224 3751 Comitatus,
2241 3717 2290 3751 qui

1233 3753 1261 3781 in
1286 3753 1363 3782 dieto
1385 3751 1572 3780 Parliamento
1585 3773 1595 3788 ,
1611 3759 1740 3787 tempore
1760 3749 1944 3780 Praestationis
1965 3750 2084 3787 ejusdem
2098 3751 2287 3790 sacramenti,

1231 3791 1368 3827 minime,
1385 3799 1415 3819 ut
1429 3790 1622 3826 praemittitur,
1640 3789 1833 3826 interfuerunt,
1850 3789 1961 3825 capiatis
1974 3789 2046 3826 juxta
2061 3788 2208 3819 Tenorem
2223 3789 2283 3821 Ce—

1233 3829 1306 3858 dulae
1315 3851 1324 3865 ,
1344 3828 1519 3867 praeseniibiis
1531 3827 1685 3857 intercluiae
1693 3849 1702 3864 ,

1269 3866 1369 3904 Eil'que
1385 3888 1394 3903 ‚
1413 3876 1445 3895 ac
1464 3865 1520 3894 aliis
1536 3865 1629 3903 Ligeis
1644 3866 1675 3895 ὃς
1693 3865 1830 3895 Fidelibus
1850 3864 1949 3894 nostris
1968 3865 2037 3895 dieti
2052 3863 2229 3905 Comitatus,
2247 3877 2282 3900 ex

1231 3915 1308 3942 parte
1319 3903 1426 3942 nostra,
1443 3903 1594 3933 distrietii‘is
1613 3903 1769 3933 inhibentes
1784 3904 1821 3933 ne
1836 3903 1969 3940 aliquibus
1983 3903 2190 3935 Locutionibus
2204 3928 2214 3944 ‚
2230 3906 2282 3936 As-

1229 3943 1408 3978 senionibus,
1429 3942 1539 3979 Dictis,
1555 3942 1600 3971 seu
1615 3941 1810 3972 Relationibus
1821 3963 1830 3979 ,
1846 3950 1893 3978 per
1914 3944 2107 3979 quotcumque
2127 3943 2154 3973 in
2169 3953 2281 3978 contra-

1230 3983 1302 4011 rium
1319 3979 1530 4010 Prieniisiorum
1551 3979 1683 4010 faciendis
1695 4003 1705 4018 ,
1722 3980 1821 4010 Fidem
1839 3980 1883 4009 seu
1898 3977 2080 4010 Credentiam
2093 3978 2213 4019 aliquam
2232 3983 2281 4013 ad·

1234 4020 1345 4050 hibcant
1361 4019 1417 4049 ullo
1429 4017 1532 4054 niodo,

1674 4053 1703 4084 C
1722 4064 1739 4085 2
2184 4057 2268 4095 Nos,

149 3406 313 3437 Attornatos
325 3407 401 3445 suos,
419 3407 563 3444 praefatum
580 3406 748 3443 Matheum,
767 3415 854 3444 nuper
868 3405 898 3433 in
921 3404 1042 3435 Servitio
1060 3405 1158 3435 nostro
1179 3417 1207 3436 a-

147 3444 206 3482 pud
222 3443 362 3476 Calenum
385 3445 420 3474 de
442 3445 580 3476 Mandato
601 3445 699 3475 nostro
721 3443 886 3474 existentem
902 3465 911 3480 ,
938 3444 1038 3473 virtute
1061 3444 1204 3481 cujusdam

146 3482 353 3520 Obligationis,
379 3483 527 3513 Summam
550 3484 605 3514 Sex
630 3483 749 3513 Milium
770 3481 945 3524 Francorum
965 3483 1152 3520 continentis,
1170 3483 1203 3512 ὃς

140 3520 358 3590 fproi'CUstUbus
370 3521 438 3559 suis,
466 3521 565 3552 coram
586 3522 666 3552 vobis
688 3520 825 3560 (praefate
847 3518 1016 3558 Capitanee)
1038 3519 1203 3558 implacitari

154 3561 207 3590 ccii
221 3569 248 3590 et

178 3597 213 3628 In
231 3583 283 3636 qiia
296 3597 408 3637 quidem
421 3597 605 3637 Obligatione
618 3599 676 3628 tam
693 3599 822 3627 Dominus
838 3595 862 3625 le
878 3595 1023 3635 Dcfienftr
1036 3595 1182 3626 defunctus
1192 3619 1201 3634 ,

139 3638 193 3675 δε,
210 3636 326 3667 dilectus
342 3637 375 3667 δε
393 3636 480 3666 fidelis
495 3635 599 3674 noster,
617 3638 696 3674 Hugo
712 3637 743 3666 de
760 3634 882 3673 Calvyle,
897 3636 979 3672 quam
993 3634 1121 3672 praefatus
1135 3634 1201 3664 Ma-

138 3673 218 3706 theus
232 3675 294 3706 sunt
305 3675 492 3714 principaliter
506 3674 649 3714 Obligati,

178 3713 232 3743 Per
247 3714 323 3753 quod
342 3713 513 3743 Executores
526 3714 645 3751 ejusdem
660 3712 782 3742 Domini
796 3713 821 3742 le
842 3710 995 3748 Despenser
1015 3712 1048 3742 &
1069 3710 1198 3747 praefatus

142 3749 238 3788 Hugo
252 3752 286 3782 ad
301 3751 556 3789 contribuendum,
581 3760 650 3781 cum
671 3751 788 3788 praefato
811 3750 935 3781 Matheo
949 3773 959 3786 ,
987 3751 1016 3779 in
1035 3749 1195 3779 defentione

142 3788 229 3819 diet-ae
245 3789 361 3828 Caulae,
379 3791 483 3828 dejure
495 3789 674 3827 Appi-ehendi
687 3789 791 3819 debent
800 3811 809 3826 2
1048 3795 1050 3798 ’

179 3826 243 3865 Ac,
261 3829 290 3858 in
304 3828 477 3859 Defenlione
490 3827 613 3866 ejusdem
627 3825 724 3858 Caufae
733 3850 742 3865 ,
758 3834 843 3857 certae
856 3825 1055 3864 Excepdones,
1071 3835 1105 3856 ex
1118 3833 1194 3865 parte

0 3873 14 3889 ⁸
40 3874 108 3900 VII.
139 3864 223 3901 {plius
238 3865 258 3884 ²*
277 3865 404 3906 Mathei,
422 3867 543 3905 aliegatae
558 3865 686 3903 fuissent,
699 3867 733 3896 &
748 3865 908 3903 quamplura
921 3866 969 3895 alia
983 3863 1074 3893 adhuc
1089 3866 1117 3893 in
1133 3864 1195 3894 De-

0 3919 30 3946 57
39 3919 61 3939 1,
140 3902 269 3933 fenfione
280 3903 324 3934 sui
336 3905 441 3935 ibidem
453 3906 504 3936 sint
519 3904 701 3943 proponenda
715 3905 748 3935 &
760 3903 945 3942 expedienda,
963 3912 1025 3942 quae
1040 3903 1110 3941 apud
1129 3913 1192 3932 ean-

141 3941 208 3971 dem
224 3939 327 3971 Villam
346 3943 443 3974 Calesii
455 3943 588 3974 declarari
602 3952 661 3972 non
682 3950 815 3980 poterunt
828 3964 838 3980 ‚
864 3951 918 3972 nec
937 3941 1060 3980 allegari,
1086 3951 1138 3978 pro
1158 3951 1194 3971 eo

137 3978 222 4049 (qugd
234 3979 332 4010 eadem
345 3979 418 4012 Villa
431 3981 531 4014 Calesii
543 3982 579 4013 de
593 3980 742 4012 sufficienti
757 3978 892 4011 Concilio
907 3980 940 4011 ὅ(
950 3980 1031 4020 Legis
1045 3981 1138 4020 peritis
1152 3979 1193 4010 est

159 4027 175 4048 e
201 4026 278 4054 itura,

125 4088 130 4092 ,
176 4058 248 4087 Tam.
264 4057 322 4086 111.
342 4057 423 4086 Part.
443 4059 488 4088 IV.
