2561 4251
33 1290 108 1320 Ann.
118 1287 159 1318 D.

54 1328 138 1367 1386.

30 1372 81 1396 An.
102 1377 129 1402 9.

32 1411 60 1434 R.
83 1416 107 1434 2.

32 1449 70 1472 Ex
87 1448 145 1472 Au-

31 1490 96 1520 mgr·

41 2977 137 3007 *Vll-

42 3025 107 3051 522.

817 191 928 233 ET
1012 194 1280 236 ACTA
1364 195 1833 241 PUBLICA.

32 273 109 304 Ann.
123 270 166 304 D.
183 277 207 308 ri
222 276 281 307 vidi
295 277 329 309 &
342 262 436 312 audivi
445 297 455 311 2
470 274 583 307 diverfis
596 283 751 315 occupatus
764 277 919 317 Negotiis,
939 288 988 317 per
1002 279 1087 310 alium
1101 280 1194 311 Scribi
1208 282 1242 313 &

31 352 60 379 Εἰ
97 308 143 340 86-
181 316 211 346 in
227 316 300 345 hanc
314 314 456 352 publicam
470 315 595 345 formam
609 314 696 354 redigi
707 315 780 355 feci,
799 317 832 348 &
850 327 898 348 me
911 318 1110 358 subscripfi,ac
1124 319 1242 358 Signum

61 361 81 378 ί.
102 360 129 378 2·

181 363 281 384 meum
297 352 409 390 apposui
423 353 604 392 praesentibus
619 354 788 386 consuetum
804 356 833 386 in
848 356 950 387 Fidem
973 358 1008 388 δε
1028 356 1242 388 Testimonium

181 393 314 424 omnium
329 390 554 421 Praemissorum.

214 430 421 466 Subsequenter
434 431 522 468 vero,
536 430 641 468 Anno,
651 430 826 469 induitione,
842 431 1032 471 Pontificatu‚
1053 432 1154 464 Mense
1171 433 1244 471 (Die

179 477 273 499 tamen
286 467 408 505 ejusdem
424 468 530 499 Mensis
546 467 671 499 Decima
686 469 814 506 septima)
837 471 865 500 in
887 470 1008 508 quadam
1029 469 1169 509 Camerti,
1187 483 1243 504 vo-

178 515 238 538 cata
267 504 387 536 Camera
413 507 524 538 Stellata
534 529 544 544 ,
580 506 652 537 infra
677 506 814 537 Palatium
837 507 949 545 Regale
970 508 1218 541 Westmonasterii
1232 536 1241 549 ,

179 544 375 575 Londonienfi
392 545 544 583 Dioecese,
563 544 668 582 praefati
682 544 822 583 Domini,
841 546 998 576 Fernanclus
1012 548 1046 578 ὃς
1062 550 1241 588 Laurentius,

179 582 416 622 Ambaffiatores,
435 584 655 620 Procuratores,
673 583 706 612 ὅ(
723 582 916 615 Commiffarii
936 584 1060 616 Domini
1080 586 1241 626 Johannis‚

178 624 257 690 Regsis
273 622 436 660 Portugaliae
451 624 485 655 &
498 620 623 661 Algarbii
637 621 806 661 supradicti,
822 622 917 663 Sigilla
930 624 975 655 sua
990 626 1171 663 praesentibus
1192 637 1244 665 ap-

178 670 217 698 po
231 670 351 699 uerunt,

507 734 693 767 Praesentibus
706 744 774 769 tunc
789 737 914 777 ibidem,

218 811 395 844 Reverendis
409 812 438 842 in
454 810 573 843 Christo
590 812 735 852 Patribus,

218 852 376 888 Dominis,

217 892 261 919 W
257 889 363 919 ilhelmo
381 888 564 929 VVyntonienfi
570 912 579 927 ,

216 927 340 957 Waltero
359 927 535 966 Coventrenfi
551 929 585 959 &
604 926 803 968 Lichfhldenfi,

264 967 320 997 isco
342 968 361 997 is

216 965 263 1036 ΛΕἷὲ
277 977 339 1036 amis)
357 990 384 1034 ἦτ’]
406 1002 595 1034 Multitudine
615 1004 732 1043 copiosa
750 1004 887 1036 Testibus
909 1005 943 1037 ad
965 1005 1112 1038 Praemissa
1134 1007 1243 1039 vocatis

252 1043 405 1083 specialiter
419 1042 452 1072 ὃς
465 1043 576 1081 rogatis.

220 1188 429 1220 Conventiones
446 1197 515 1218 cnm
527 1185 650 1232 praefato
665 1188 759 1234 Rege,
799 1196 871 1233 uper
892 1187 1022 1221 Auxilio
1038 1185 1210 1234 prestando.

181 1278 417 1339 UNIVERsls
432 1277 539 1308 Christi
555 1277 699 1315 fidelibus,
714 1277 749 1308 ad
764 1286 835 1316 quos
850 1279 996 1318 praesentes
1018 1281 1122 1310 Literte
1144 1290 1246 1317 perve-

274 1318 384 1354 nerint,
402 1317 561 1346 fernandus
582 1315 715 1354 Magister
736 1318 848 1347 Ordinis
870 1320 965 1348 Sand‘t'i
977 1318 1081 1356 Jacohi
1096 1321 1124 1348 in
1136 1319 1246 1358 Regnis

182 1355 352 1393 Portugaliae
373 1357 406 1386 &
428 1355 572 1392 Algarbii,
590 1355 623 1386 &
640 1357 806 1385 Laurentius
821 1355 966 1394 Johannes
980 1360 1083 1394 Fogata
1097 1356 1247 1388 Cancella-

182 1396 236 1424 rius
258 1394 446 1433 portugaliae,
466 1393 590 1431 Milites,
608 1393 781 1424 Sereniffimi
802 1393 941 1434 Principis
962 1395 995 1426 &
1015 1396 1158 1434 Domini,
1180 1395 1247 1426 Do-

184 1434 256 1463 mini
276 1432 435 1471 Johannis,
455 1431 515 1462 Dei
535 1432 642 1471 gratia,
660 1432 824 1470 Portugaliae
845 1431 884 1468 ὠ·
905 1433 1039 1471 Algarbii
1059 1438 1155 1472 Regis,
1173 1435 1245 1464 Am-

180 1471 355 1510 baffiatores,
373 1471 592 1509 Procuratores,
610 1471 643 1501 &
657 1470 853 1502 Commissarii
867 1472 1011 1511 speciales,
1028 1473 1062 1503 ad
1085 1472 1248 1510 infrascrip-

180 1519 207 1541 ta
223 1509 395 1540 Potestatem
411 1508 598 1553 sufficientem
611 1509 762 1553 habentes,
780 1509 904 1541 Salutem
919 1512 948 1541 in
962 1521 999 1541 eo
1012 1521 1060 1549 per
1077 1521 1165 1550 quem
1185 1511 1248 1542 Re-

179 1557 359 1618 geffiggssgffi
373 1546 878 1629 {Algilllst‘ilspeijolhcignglixoliiufvigore
899 1586 1066 1632 Potestatis,
1091 1588 1127 1618 ab
1144 1587 1248 1618 eodem

179 1625 315 1657 Domino
337 1624 437 1655 nostro
457 1623 539 1663 Rege
558 1624 642 1654 nobis
662 1623 815 1661 specialiter
835 1626 996 1657 commlffae
1011 1651 1020 1665 ‚
1047 1636 1084 1656 in·
1099 1626 1133 1656 ali
1156 1627 1247 1657 ualem

179 1663 493 1702 Recompensationem
508 1662 644 1693 Onerum
659 1662 692 1693 &
707 1662 916 1702 Expensarum,
934 1674 1013 1704 quae,
1031 1665 1128 1696 Sereni
1152 1675 1246 1696 imum

179 1703 344 1740 Principem
366 1703 400 1733 &
420 1701 601 1738 Dominum,
621 1699 789 1732 Dominum
809 1703 973 1740 Ricardum,
999 1706 1096 1742 Regem
1115 1703 1248 1742 Angliae‚

179 1743 256 1773 circa
281 1741 515 1778 Profeffionem,
535 1739 643 1770 illustris
666 1738 762 1771 Patrui
777 1739 832 1779 sui,
850 1740 991 1780 Domini,
1005 1742 1168 1782 Johannis,
1186 1742 1247 1773 Dei

179 1778 287 1819 gratia,
304 1782 383 1818 Regis
400 1778 521 1818 Castellae
536 1777 574 1813 &
590 1780 717 1815 Legionis
729 1777 821 1809 Ducis
834 1779 1022 1820 Lancastriae,
1041 1791 1094 1819 pro
1107 1780 1248 1819 Conque-

181 1819 227 1850 stu
238 1820 307 1858 juris
321 1819 360 1850 sui
373 1820 406 1850 &
421 1817 562 1849 Succursu
576 1816 684 1855 praefati
698 1816 822 1848 Domini
833 1818 924 1849 nostri
938 1818 1063 1850 Domini
1078 1819 1166 1860 Regis
1174 1819 1249 1850 Por-

179 1857 309 1898 tugaliae,
327 1857 363 1888 de
376 1857 503 1896 praeseriti
518 1855 624 1894 Anno,
641 1854 734 1886 subire
752 1856 912 1888 necessario
932 1859 1095 1898 oportebit,
1113 1868 1147 1889 ex
1170 1866 1248 1890 certa

180 1897 322 1935 Scientia,
340 1896 460 1927 nomine
473 1894 599 1925 Domini
614 1893 704 1924 nostri
715 1895 859 1934 praedicti,
875 1895 1092 1928 PRoM1erus
1108 1899 1142 1929 ὃς
1156 1896 1250 1927 Con-

181 1943 337 1967 cessnvms
354 1934 436 1973 quod
450 1933 580 1974 praefatus
593 1931 741 1964 Dominus
753 1933 850 1965 noster
864 1933 930 1965 Rex
945 1934 1132 1975 Portugaliae,
1151 1937 1181 1966 in
1194 1934 1252 1966 AE-

183 1974 254 2006 state
268 1972 398 2012 proxima
407 1973 466 2012 jam
479 1971 616 2010 instante,
631 1972 757 2003 inveniet
771 1973 805 2004 ὃς
821 1973 914 2004 mittet
929 1972 1066 2006 Domino
1084 1974 1162 2014 Regi
1186 1972 1251 2005 An-

183 2013 250 2051 gliae
264 2012 404 2051 praediCto
418 2011 535 2042 Decem
548 2010 649 2041 Galeas
663 2011 756 2049 (ipfius
772 2011 898 2043 Domini
910 2012 1001 2043 nostri
1017 2010 1143 2044 Domini
1161 2013 1251 2053 Regis

182 2052 275 2082 Portu
295 2051 355 2081 aliae
376 2050 542 2088 Sumptibus
560 2050 593 2081 &
615 2048 758 2087 Expensis)
782 2051 858 2081 bene
876 2051 1004 2082 Armatas
1023 2051 1193 2090 (videlicet)
1215 2052 1252 2083 de

183 2090 264 2122 Uno
276 2060 421 2127 Patrono,
438 2089 546 2119 Tribus
560 2087 737 2132 Alcaldibus,
755 2087 810 2120 Sex
823 2089 946 2120 Arraizis
981 2089 1107 2121 Duobus
1122 2089 1253 2128 Carpen-

183 2130 276 2167 tariis,
294 2128 377 2159 oeno
396 2127 442 2159 vel
463 2127 578 2158 Decem
602 2126 776 2166 Marinanis,
792 2128 923 2167 Triginta
943 2113 1104 2168 Ralistariis,
1123 2129 1252 2160 Centum

183 2168 219 2199 δε
236 2166 450 2206 Quaterviginti
464 2165 656 2205 Remigibus‚
670 2167 703 2198 &
720 2165 846 2198 Duobus
859 2166 1000 2207 Sutaneis,
1014 2169 1045 2199 in
1059 2167 1183 2208 qualibet
1191 2168 1252 2199 Ga-

186 2206 294 2237 learum
308 2206 524 2244 praedidiarum,

225 2246 305 2283 Qae
327 2243 443 2282 quidem
466 2243 566 2274 Galeae
587 2243 622 2274 ad
640 2250 730 2282 partes
752 2243 865 2283 Angliae
885 2246 1018 2284 venient,
1033 2246 1067 2277 ὃς
1081 2246 1162 2277 dieto
1176 2246 1252 2286 Regi

186 2283 317 2321 Angli-se,
332 2285 409 2320 juxta
424 2281 610 2312 Voluntatem
622 2281 894 2320 &Dispositionem
916 2284 992 2315 suam
1014 2285 1061 2315 vel
1080 2285 1252 2316 Admirallo-

186 2332 252 2353 rum
272 2322 405 2360 suorum,
423 2320 509 2359 usque
527 2320 562 2350 ad
582 2319 699 2352 Festum
715 2320 866 2352 Michaelis
879 2324 1014 2361 proximo
1028 2324 1161 2362 sequens,
1176 2325 1252 2354 bene

183 2360 357 2398 &legaliter
371 2359 489 2396 servire,
506 2358 643 2390 Inimicos
659 2358 741 2398 ipsius
755 2359 898 2390 destruere
916 2362 949 2392 δε
970 2362 1190 2401 dampnificare,
1207 2371 1253 2393 to-

183 2400 222 2430 tis
241 2398 348 2431 viribus
369 2399 558 2436 tenebuntur,
575 2397 661 2428 nichil
681 2398 794 2435 penitus
814 2409 869 2437 pro
892 2398 972 2431 dieto
993 2401 1119 2434 Servitio
1136 2411 1152 2432 a
1172 2402 1252 2433 dicto

185 2437 323 2469 Domino
336 2436 418 2475 Rege
432 2436 544 2475 Angliae
560 2435 684 2475 petendo
700 2438 747 2468 seu
762 2436 916 2477 exigendo:

223 2475 279 2513 Et,
295 2477 327 2506 in
339 2477 401 2506 casu
415 2476 513 2514 quod,
530 2476 559 2504 in
574 2475 649 2505 dieta
661 2477 791 2515 proxima
813 2475 942 2516 AEstate,
959 2477 1046 2508 dietae
1069 2478 1184 2509 Decem
1205 2487 1254 2518 ga-

186 2514 239 2544 leae
261 2515 416 2545 Servitium
438 2514 494 2544 Sex
514 2512 662 2544 Mensium
696 2514 777 2545 dieto
792 2514 868 2554 Regi
881 2515 1014 2554 Angliae,
1032 2517 1198 2556 Sumptibus
1211 2519 1255 2555 ip-

185 2552 239 2584 fius
262 2553 388 2584 Domini
409 2552 499 2584 nostri
518 2552 643 2583 Domini
664 2536 753 2594 Regis
773 2553 963 2593 Portugaliae‚
988 2560 1048 2587 tion
1069 2558 1255 2597 perfecerint,

185 2599 256 2622 tunc
275 2591 424 2622 Dominus
446 2590 543 2623 noster
562 2591 628 2622 Rex
647 2590 819 2632 Portugaliae
838 2593 1005 2633 praedictus,
1023 2596 1053 2625 in
1073 2596 1124 2626 alia
1141 2595 1255 2627 AEstate

185 2639 292 2661 exmnc
310 2629 419 2668 futura,
438 2630 679 2669 quandocumque
699 2640 752 2669 pro
772 2638 848 2669 parte
871 2632 941 2663 dieti
954 2631 1044 2673 Regis
1057 2634 1167 2674 Angliae
1187 2636 1254 2665 inde

186 2670 333 2707 requisitus
353 2669 452 2707 fuerit,
472 2679 521 2707 per
543 2668 650 2699 Literas
670 2668 715 2700 seu
738 2669 894 2701 Nuncium
915 2671 996 2709 ipsius
1016 2673 1108 2710 Regis
1122 2674 1253 2712 Angli-ae,

187 2717 238 2745 per
258 2707 376 2739 Decem
397 2707 500 2738 Galeas
521 2707 693 2739 sufficienter
713 2708 860 2747 Armatas‚
875 2720 925 2748 per
941 2710 996 2741 Sex
1012 2711 1146 2750 Menses,
1164 2713 1255 2744 modo

188 2747 223 2778 δί
239 2745 334 2777 forma
348 2745 508 2784 praedictis,
526 2746 610 2777 faciet
626 2745 789 2785 Deserviri3

225 2784 310 2815 Dum
326 2792 420 2815 tamen
433 2785 560 2824 praefatus
573 2784 640 2815 Rex
661 2785 774 2822 Angliae
795 2796 849 2824 pro
871 2793 1020 2826 tempore,
1040 2788 1194 2820 excedente
1214 2790 1257 2821 di-

190 2822 271 2853 &um
285 2823 435 2854 Servitium
449 2823 505 2854 Sex
520 2822 667 2854 Mensium
676 2847 686 2862 ,
704 2825 734 2854 in
751 2832 814 2855 toto
827 2825 968 2857 satisfaciat
984 2827 1103 2863 praefato
1120 2827 1256 2860 Domino

189 2861 291 2892 nostro
303 2861 471 2900 Porrugaliae
485 2861 561 2900 Regi
575 2861 730 2899 (videlicet)
742 2864 820 2900 juxta
835 2863 940 2893 Ratam
956 2865 1042 2896 Mille
1055 2867 1089 2897 ὃς
1104 2865 1257 2899 Ducento-

188 2910 253 2930 rum
268 2900 445 2930 Francorum
459 2909 514 2938 pro
528 2899 653 2939 qualibet
667 2900 757 2931 Galea
773 2911 826 2939 pro
839 2901 956 2933 Mense:

194 2959 198 2962 ⁴
223 2938 263 2970 Et
274 2939 411 2976 incipient
422 2940 583 2976 computari
595 2939 668 2970 dieti
681 2939 736 2970 Sex
750 2939 865 2970 Menses
878 2941 924 2971 die
938 2941 992 2979 qua
1011 2941 1047 2973 de
1068 2943 1159 2975 Portu
1181 2946 1256 2977 exie-

190 2977 245 3008 rint
264 2977 298 3007 ad
321 2977 512 3016 navigandum
533 2977 625 3008 versus
650 2978 780 3017 Angliam
795 2988 828 3009 ex
843 2977 932 3009 Causa
948 2981 966 3000 *θ
981 2982 1128 3020 ρϊεεάίᾶα,
1147 2985 1256 3016 licebit-

191 3026 248 3054 que
261 3016 343 3047 dietis
358 3015 470 3054 Galeis,
490 3026 580 3053 prope
593 3016 680 3046 finem
695 3018 839 3047 (iiiiorum
855 3018 909 3048 Sex
927 3019 1073 3050 Mensium
1096 3022 1252 3062 (videlicet)

190 3056 261 3085 intra
283 3054 461 3093 Qindecim
484 3054 557 3085 Dies
578 3062 642 3085 ante
663 3054 751 3086 finem
770 3057 959 3097 eorumdem,
976 3060 1069 3090 versus
1088 3070 1177 3098 partes
1198 3063 1255 3094 suas

190 3094 315 3132 proprias
326 3095 415 3123 libere
428 3092 537 3132 redire,

226 3131 264 3161 Et
283 3132 418 3169 quamdiu
437 3131 564 3164 steterint
583 3132 693 3163 Gentes
713 3132 853 3164 dietat-um
877 3134 1049 3175 Galearum,
1064 3137 1098 3168 ad
1119 3137 1256 3177 Sumptus

189 3170 224 3200 &
244 3169 383 3207 Expensas
403 3170 473 3200 dieti
496 3170 620 3201 Domini
642 3170 732 3202 nostri
753 3172 844 3210 Regis
865 3173 1053 3214 Portugaliae,
1073 3178 1102 3207 in
1115 3178 1255 3215 obsequio

190 3208 272 3247 ipsius
293 3208 381 3246 Regis
397 3207 533 3247 ¹Angliae,
549 3211 579 3239 in
600 3210 727 3241 Partibus
748 3213 862 3242 marinis
882 3212 990 3244 Vicinis
1004 3216 1053 3252 ipli
1068 3215 1176 3253 Regno
1192 3216 1256 3247 An-

189 3247 254 3314 ἔξω
267 3269 276 3284 ,
301 3247 347 3276 vel
364 3245 442 3285 dum,
456 3247 560 3278 fuerint
581 3248 611 3277 in
630 3248 775 3280 redeundo
795 3251 886 3281 versus
903 3261 992 3290 partes
1016 3253 1187 3294 Portugaliae
1205 3266 1255 3293 per

224 3286 356 3316 ominum
375 3283 486 3323 Regem
501 3285 612 3324 Angliae
627 3286 663 3322 de
675 3287 850 3326 Frumento,
865 3298 917 3325 pro
931 3290 1007 3322 Pane
1029 3293 1132 3323 eisdem
1155 3303 1256 3325 neces-

189 3324 275 3361 sario,
297 3323 489 3359 providebitur
503 3332 699 3361 competenter
711 3325 796 3364 usque
808 3326 842 3357 ad
857 3328 1008 3360 Summam
1029 3331 1257 3371 Qiadringenta-

190 3372 256 3392 rum
271 3362 437 3392 Marcarum
451 3361 678 3399 Sterlingorum:

226 3399 306 3430 Bona
329 3404 400 3431 vero
425 3399 541 3431 mobilia
560 3401 594 3431 &
611 3402 638 3432 se
660 3403 807 3433 moventia
827 3412 1019 3443 quaecumque
1042 3408 1256 3448 (cuiuscumque

191 3440 302 3475 generis
324 3439 426 3468 fuerint
445 3438 491 3468 seu
510 3439 625 3478 speciei)
647 3449 713 3478 quae
732 3450 783 3479 per
804 3440 913 3472 Gentes
932 3443 1071 3475 dictarum
1084 3446 1255 3487 Galearum,

190 3477 262 3507 dum
277 3478 306 3506 in
320 3476 470 3514 Obsequio
481 3477 551 3508 dieti
566 3477 657 3516 Regis
671 3479 802 3517 Angliae‚
821 3479 989 3518 Sumptibus
1001 3484 1036 3515 &
1052 3484 1187 3523 Expensis
1210 3488 1254 3518 di-

191 3516 231 3546 &i
246 3515 368 3545 Domini
386 3515 475 3546 nostri
490 3515 582 3553 Regis
597 3516 766 3557 Portugaliae
779 3520 938 3559 eirtiterint,
955 3520 1036 3559 super
1056 3523 1193 3555 Inimicos
1212 3527 1257 3564 ip-

190 3553 243 3584 fius
258 3553 346 3593 Regis
361 3553 490 3592 Angliae,
507 3554 617 3592 adquiri
632 3557 782 3595 contigerit
796 3558 829 3588 &
843 3558 962 3597 lucrari,
980 3560 1033 3592 sint
1046 3562 1128 3599 ipsius
1148 3564 1256 3595 Domi-

189 3593 218 3622 ni
232 3592 319 3635 nosjtri
335 3591 424 3631 Regis
438 3591 629 3632 Portugaliae,
647 3596 682 3626 δε
695 3595 838 3636 Gentium
851 3598 1051 3635 praedietarum
1066 3602 1236 3634 inconcusse

188 3631 224 3673 ad
245 3631 507 3699 dizponendum'de
527 3631 630 3663 eisdem
652 3632 818 3664 Secundum
839 3637 1072 3670 consuetudinem
1092 3641 1122 3670 in
1147 3629 1255 3681 Regno

191 3674 240 3700 luo
255 3680 272 3700 u
284 3678 387 3700 itatam.
440 3686 441 3692 κ

223 3708 275 3739 De
295 3708 380 3739 Bonis
401 3716 514 3746 tamen,
532 3717 597 3746 quae
618 3719 666 3748 per
685 3711 832 3748 praedictas
852 3713 962 3745 Gentes
981 3715 1089 3754 adquiri
1103 3717 1255 3758 contigerit·

192 3756 246 3784 pro
260 3755 389 3785 tempore
403 3757 462 3785 quo
478 3748 512 3777 ad
527 3746 660 3785 Sumptus
675 3750 708 3780 δε
723 3750 862 3788 Expensas
876 3752 944 3783 dieti
960 3753 1048 3785 Reois
1068 3756 1179 3787 Aualiae
1200 3758 1254 3789 ser-

189 3785 314 3854 igent
326 3785 706 3855 {egssfiiii'sszzssssfiffzsssffls
717 3789 964 3859 Aa&
978 3781 1028 3822 fibi
1104 3780 1254 3833 Dm,

457 3841 471 3854 k.
935 3852 941 3858 ι

230 3860 349 3892 Proviso
360 3863 473 3903 -sernper
490 3839 595 3901 qwdq’
621 3863 639 3893 fi
658 3835 781 3902 anguem
794 3866 844 3897 'vel
858 3867 966 3906 aliquos
984 3868 1082 3900 Duces
1108 3871 1252 3904 Bellorum

192 3899 237 3929 vel
257 3898 472 3939 ConfliCtuum,
492 3903 540 3932 'seu
559 3910 679 3940 magnos
698 3903 884 3943 Capitaneos,
908 3906 1088 3938 deInimicis
1107 3909 1253 3947 hujusmo-

191 3937 238 3981 di,
258 3947 307 3981 per
324 3939 412 3969 dietas
427 3940 538 3971 Gentes
556 3942 618 3978 capi
634 3943 805 3981 contigerit,
827 3943 900 3974 dum
919 3944 1043 3976 steterint
1060 3947 1095 3977 ad
1114 3948 1252 3987 Expensas

191 3975 363 4013 Principales
381 3976 469 4021 Regis
488 3979 603 4016 Angliae
621 3979 769 4018 supradiffi
785 4004 794 4018 ,
828 3981 921 4012 statim
941 3983 999 4014 sine
1024 3987 1252 4020 contradictione

191 4013 372 4052 quacumque
386 4015 479 4045 eidem
498 4017 706 4056 liberabunturz,
726 4019 806 4049 Salva
823 4028 918 4051 tamen
933 4021 1179 4056 Remunerationc
1195 4027 1252 4058 sive

190 4052 324 4091 Regardo
346 4057 546 4092 competenti,
578 4066 628 4094 per
653 4057 762 4087 dietum
782 4057 896 4097 Regem
916 4060 1024 4099 Angliae
1039 4062 1166 4094 facienda
1183 4063 1226 4095 Illi
1242 4089 1252 4104 ,

191 4092 237 4123 vel
258 4090 329 4127 Illis,
347 4092 396 4129 qui
414 4091 504 4123 dictos
522 4093 642 4126 Ducem
660 4096 706 4128 vel
724 4096 837 4136 Duces,
855 4097 901 4130 seu
919 4097 1108 4138 Capitaneum
1126 4103 1173 4134 vel
1192 4102 1251 4135 Ca-

2285 219 2361 261 203

1287 283 1414 320 pitaneos
1431 283 1611 322 hujusmodi,
1629 286 1774 322 ceperint,
1793 291 1878 322 prout
1895 295 2029 324 poterunt
2044 287 2117 320 inter
2132 286 2158 320 se
2171 290 2217 322 vel
2227 301 2277 330 per
2290 293 2353 325 suos
2370 291 2444 324 Ann.
2457 288 2500 325 D.

1288 321 1336 351 De
1357 330 1446 352 utatos
1461 323 1660 352 rationabiliter
1674 322 1850 353 Convenire.
2391 332 2476 371 1386,

1348 369 1404 389 ona
1421 362 1492 390 vero
1513 362 1657 392 inmobilia
1677 362 1763 400 (puta
1780 362 1879 398 Villae,
1900 362 2017 403 Terrae,
2037 363 2151 405 Castra,
2170 368 2204 400 δε
2222 367 2347 407 Similia)
2372 373 2423 400 Ric.
2440 381 2466 398 2.

1288 397 1308 427 fi
1324 407 1373 434 per
1392 397 1502 428 Gentes
1520 399 1695 438 hujusmodi,
1721 400 1794 431 dum
1815 401 1843 430 in
1861 400 2009 440 Obsequio
2024 403 2094 434 dieti
2113 405 2200 445 Regis
2220 407 2350 448 Angliae,

1287 435 1367 473 super
1386 435 1522 467 Inimicos
1544 438 1626 475 ipsius
1644 438 1732 477 Regis
1746 462 1756 477 ,
1781 439 1808 468 in
1827 440 1882 470 aliis
1900 439 2025 480 Regni3‚
2051 442 2164 483 Terris,
2188 447 2222 476 &
2241 446 2350 478 Domi-

1286 474 1355 513 niis,
1373 483 1437 511 quae
1455 474 1582 511 praefatus
1602 475 1668 506 Rex
1686 477 1797 516 Angliae
1808 477 1877 515 Jure
1893 480 1960 516 petit
1974 479 2166 522 haereditario,
2186 485 2277 516 invasa
2290 486 2352 517 fue-³

1287 513 1341 542 rint
1356 513 1389 545 ὃς
1408 521 1541 551 optenta,
1567 514 1658 543 eidem
1680 515 1756 552 Regi
1774 516 1882 556 Angliae
1899 518 2024 555 protinus
2040 518 2232 554 liberabuntur
2249 524 2352 564 absque

1288 548 1469 581 Conditione
1484 551 1531 582 vel
1549 551 1728 583 Difficultate
1744 564 1936 593 quacumque:

1322 588 1408 627 Nos,
1426 590 1550 627 insuper,
1563 590 1794 630 Ambaffiatores,
1810 592 2001 624 Commiffirii
2019 596 2053 627 &c
2072 594 2271 631 Procuratores
2289 601 2351 632 Re-

1286 628 1327 666 gis
1349 627 1516 667 Portugaliae
1534 628 1682 667 supradieti
1697 651 1706 667 ,
1735 641 1787 668 pro
1805 630 1883 661 dicto
1902 632 2036 664 Domino
2055 635 2156 667 nostro
2172 659 2181 675 ,
2213 639 2351 671 Promisi-⁶

1286 675 1366 704 mus,
1383 676 1417 696 ac
1434 666 1582 704 corporale
1601 666 1837 706 Sacramentum,
1858 670 1891 700 ad
1912 670 2013 702 Sandta
2036 671 2094 703 Dei
2111 673 2278 715 Evangelia,
2299 688 2351 716 per

1288 704 1357 734 Nos
1383 705 1565 743 corporaliter
1592 705 1666 736 taeta
1680 728 1689 743 ,
1722 706 1855 737 Nomine
1873 708 1994 745 ejusdem
2014 710 2138 743 Domini
2158 715 2245 745 nostri
2265 716 2353 756 Regis

1287 741 1458 782 Portugaliae
1478 743 1644 781 supradicti,
1662 745 1695 775 δε
1715 746 1744 774 in
1764 746 1846 783 ipfius
1865 747 2017 787 Animam,
2037 751 2064 779 in
2083 752 2225 788 praesentia
2244 754 2353 786 Procu-

1288 790 1412 811 ratorum
1432 780 1559 812 Domini
1578 782 1669 819 Regis
1687 783 1798 821 Angliae
1816 784 1944 823 praedirsti
1961 810 1970 824 ,
1999 788 2178 824 praestitimus
2195 793 2229 823 ad
2248 793 2353 825 facien-

1288 819 1358 848 dum
1374 841 1384 856 ,
1410 819 1564 850 tenendum
1578 843 1588 858 ,
1614 822 1648 852 &
1667 819 1884 858 Complendum
1903 825 1999 854 omnia
2020 826 2052 856 δε
2072 828 2173 867 singula
2191 831 2355 871 suprascrip-

1288 865 1315 887 ta
1330 881 1339 894 ,
1373 865 1507 895 quatenus
1526 868 1580 895 pro
1599 866 1675 895 parte
1691 859 1759 890 dic‘ti
1776 861 1901 891 Domini
1917 862 2005 892 nostri
2025 866 2058 895 &
2079 867 2135 904 ejus
2154 868 2290 901 Nomine
2308 872 2353 901 su-

1287 895 1381 933 peritis
1401 894 1699 927 Concessmus
1717 898 1751 928 &
1769 898 2163 944 Conconnavmus,
2188 908 2262 938 bene
2304 909 2352 939 fir-

1287 934 1388 971 miter,
1416 934 1450 964 &
1467 934 1603 972 fideliter,
1626 936 1683 966 fine
1701 936 1787 974 dolo,
1813 938 1889 968 malo
1906 940 2036 978 ingenio,
2055 943 2087 973 &
2104 942 2220 974 frenone
2239 933 2354 985 qu'ibus-

1288 979 1425 1010 cumque.

1289 1057 1308 1088 p
1325 1009 1366 1078 Isn⁵
1384 1020 1510 1048 quorum
1530 1010 1712 1043 Testimonia
1733 1013 1832 1051 Sigilla
1848 1015 1943 1047 nostra
1962 1016 2079 1056 Propria
2098 1018 2287 1053 Praesentibus
2305 1034 2354 1062 ap-

1310 1059 1329 1078 o
1341 1059 1440 1080 uimus.

1326 1086 1395 1118 Dat.
1413 1087 1487 1125 apud
1504 1088 1677 1128 Windefire,
1696 1089 1793 1120 Nono
1810 1090 1866 1122 Die
1885 1092 1973 1132 Maii,
1992 1093 2081 1126 Anno
2099 1095 2225 1128 Domini
2245 1098 2354 1134 Milefi-

1291 1135 1362 1165 mo,
1375 1126 1620 1165 Trescentesimo,
1639 1127 1832 1168 Ostogesimo
1851 1130 1953 1170 Sexto,

1714 1204 1748 1235 In
1766 1205 1915 1238 Praesentia
1924 1232 1934 1246 ,

1330 1279 1546 1311 Venerabilium
1566 1281 1594 1310 in
1615 1279 1733 1312 Christo
1750 1282 1885 1323 Parrum,

1331 1318 1549 1356 Dominorum,

1332 1359 1375 1386 W
1373 1356 1475 1386 illielmt
1497 1359 1649 1398 Wyntoniae
1655 1382 1665 1396 ,

1330 1395 1470 1434 Johannis
1490 1396 1630 1426 Dunolmii

1332 1433 1452 1464 Walteri
1470 1419 1656 1475 coventrensi}
1675 1435 1709 1466 ὃς
1727 1435 1937 1477 Lichfhldenfis,

1331 1471 1541 1540 {piscoporum
1551 1484 1557 1503 :

1361 1521 1396 1549 C>

1332 1549 1489 1580 Nobilium
1509 1548 1645 1581 Virorum
1656 1573 1666 1589 ,

1332 1587 1552 1626 Dominorum,

1334 1627 1473 1657 Edmundi
1487 1629 1572 1656 Ducis
1590 1626 1729 1665 Eborum,
1747 1627 1844 1658 Patrui
1861 1628 1931 1660 dieti
1948 1629 2073 1662 Domini
2091 1632 2178 1672 Regis
2194 1634 2324 1674 Angliae:

1333 1664 1483 1695 Willielmo
1500 1667 1533 1695 de
1551 1669 1650 1695 Monte
1668 1669 1780 1705 Acuta,
1796 1666 1898 1697 Sarum
1910 1691 1920 1706 ,

1331 1706 1445 1733 Henrici
1462 1704 1493 1733 de
1511 1706 1609 1744 Percy,
1629 1703 1872 1745 Northumbriae‚

1333 1742 1502 1774 Comitum:

1333 1780 1371 1811 Et
1385 1781 1546 1850 Simgnislde
1565 1780 1666 1822 Burley
1682 1779 1801 1820 Militis,
1819 1782 2027 1815 Subcamerarii
2043 1786 2147 1824 praefati
2162 1786 2287 1819 Domini
2299 1788 2362 1820 Re-

1371 1828 1413 1859 gis
1461 1828 1499 1859 ng
1510 1829 1544 1850 1ae
1550 1842 1560 1858 ,

1334 1857 1380 1890 Ac

1334 1881 1554 1935 Doininorum,

1335 1935 1481 1966 Willielmi
1500 1935 1533 1965 de
1553 1934 1696 1973 Dighton,

1334 1973 1475 2012 Johanm's
1493 1975 1525 2004 de
1545 1972 1778 2012 Wndhtngburgh

1335 2011 1554 2043 canonicorum
1571 2012 1707 2043 Ecciefiae
1727 1998 1900 2058 Cathedralis
1919 2014 2016 2046 saneti
2033 2016 2112 2048 Pauli
2132 2018 2313 2059 Londoniae,

1333 2050 1372 2082 Et
1391 2051 1533 2091 Johannis
1550 2051 1583 2082 de
1601 2051 1721 2091 Kirkehy
1741 2051 1855 2083 Clerici.

1299 2128 1388 2190 ET
1408 2128 1474 2167 Ego
1491 2127 1639 2168 Johannes
1657 2129 1689 2158 de
1705 2128 1847 2170 Bouland,
1865 2130 1993 2162 Clericus
2010 2131 2191 2165 Carliolenfis
2212 2134 2365 2175 Dioecelis,

1378 2167 1513 2198 Publicus
1531 2167 1695 2205 Apostolica
1712 2169 1878 2199 authoritate
1897 2169 2048 2209 Notarius,
2067 2173 2213 2209 praemislis
2228 2176 2365 2205 omnibus

1298 2206 1332 2236 &
1351 2206 1461 2244 fingulis
1476 2206 1618 2236 Tradiatis
1630 2229 1640 2244 ,
1659 2206 1778 2245 Juratis,
1804 2208 1838 2237 ὃς
1854 2207 2043 2239 Concordatis
2061 2211 2132 2241 inter
2149 2211 2242 2243 Partes
2260 2213 2363 2250 praedi-

1297 2244 1356 2274 ἅτις
1371 2268 1381 2283 ,
1411 2244 1573 2284 Sigillorum
1598 2253 1694 2275 tamen
1719 2246 1907 2284 appositioni,
1938 2257 2021 2286 prout
2046 2249 2160 2279 inferius
2175 2250 2339 2282 describitur
2354 2277 2364 2291 ‚

1297 2282 1370 2313 dum
1387 2283 1442 2322 fic,
1462 2291 1492 2314 ut
1508 2284 1705 2323 praemittitur,
1720 2293 1769 2324 per
1784 2284 1875 2315 dieios
1892 2285 2118 2326 Ambassatores,
2134 2287 2366 2329 Commissarios,

1297 2322 1331 2352 ὃς
1351 2321 1550 2352 Procuratores
1567 2330 1730 2362 agerentur,
1756 2322 1844 2353 Anno
1863 2323 1988 2359 Domini
2006 2326 2042 2356 ab
2060 2325 2254 2359 Incarnatione
2273 2329 2366 2365 supra-

1297 2360 1396 2398 dieto,
1414 2359 1578 2390 Indistione
1599 2360 1709 2398 Nona,
1729 2360 1915 2393 pontificatus
1934 2363 2104 2394 Sanffiffimi
2124 2367 2153 2395 in
2173 2366 2291 2397 Christo
2310 2367 2365 2398 Pa-

1298 2400 1346 2430 tris
1369 2399 1402 2429 ὃ(
1427 2398 1555 2429 Domini
1578 2398 1667 2429 nostri
1686 2399 1810 2430 Domini
1828 2400 1934 2431 Urbani
1948 2402 2046 2433 divina
2066 2403 2250 2436 Providentia
2268 2406 2286 2425 *Ε
2308 2409 2365 2435 Pa—
2385 2412 2400 2428 *t
2420 2415 2488 2441 VII.

1293 2446 1338 2477 pae
1356 2441 1434 2467 Sexti
1454 2438 1543 2468 Anno
1562 2437 1659 2467 Nono
1673 2462 1682 2475 ,
1708 2438 1810 2469 Mense
1825 2462 1834 2477 ,
1859 2439 1918 2469 Die
1933 2464 1942 2477 ,
1968 2442 2001 2471 δε
2021 2441 2105 2473 Loco
2124 2444 2279 2480 prcediffis,
2310 2445 2365 2476 una
2382 2459 2447 2488 5²3·

1298 2486 1368 2507 cum
1394 2475 1475 2506 dietis
1496 2475 1669 2507 Reverendis
1685 2478 1714 2507 in
1733 2476 1852 2508 Christo
1870 2478 2015 2518 Patribus,
2043 2481 2200 2512 Nobilibus
2219 2483 2252 2513 &
2271 2483 2367 2514 Testi-

1299 2515 1351 2546 bus
1372 2515 1532 2553 supradietis
1551 2516 1584 2546 &
1602 2515 1796 2553 infrascriptis,
1814 2517 1930 2554 praesens
1948 2519 2073 2556 interfui,
2093 2531 2181 2557 eaque
2196 2521 2235 2552 sic
2247 2521 2307 2553 fieri
2319 2524 2363 2554 vi-

1301 2553 1329 2584 di
1348 2554 1381 2584 &
1400 2554 1510 2590 audivi,
1528 2554 1638 2584 aliunde
1654 2563 1824 2593 occupatus,
1844 2566 1892 2593 per
1907 2556 1992 2587 alium
2010 2558 2088 2588 scribi
2105 2560 2160 2589 ieci
2179 2561 2211 2590 &
2235 2570 2282 2590 me
2300 2561 2365 2591 sub-

1299 2592 1409 2631 scripfi,
1428 2603 1461 2622 ac
1478 2592 1597 2631 Signum
1616 2602 1714 2623 meum
1732 2595 1846 2632 apposui
1862 2595 2040 2632 praesentibus
2055 2597 2224 2629 consuetum
2236 2600 2265 2629 in
2278 2599 2366 2630 fidem

1300 2632 1334 2662 &
1346 2631 1564 2662 Testimonium
1580 2633 1714 2662 omnium
1731 2634 1954 2670 praemifforum.

1338 2706 1546 2746 Subsequenter
1573 2710 1646 2739 vero
1661 2731 1671 2746 ,
1693 2708 1796 2739 eisdem
1820 2709 1909 2740 Anno
1923 2735 1932 2747 ,
1956 2710 2117 2743 Indic‘iione
2132 2737 2142 2750 ,
2172 2713 2340 2745 pontificatu
2357 2738 2367 2753 ,

1301 2745 1404 2776 Mense
1427 2746 1500 2785 (Die
1519 2755 1614 2777 tamen
1637 2747 1758 2785 ejusdem
1779 2748 1887 2779 Mensis
1900 2748 2028 2780 Decima
2044 2751 2183 2788 Septima)
2198 2754 2226 2782 in
2247 2755 2366 2789 quadam

1301 2784 1440 2822 Camera,
1460 2794 1562 2816 vocata
1578 2784 1702 2816 Camera
1715 2786 1841 2826 Stellata,
1858 2788 1929 2818 infra
1944 2788 2080 2820 Palatium
2098 2790 2223 2829 Regale,
2243 2791 2368 2822 Domini

1300 2823 1390 2853 nostri
1407 2823 1525 2854 Ricardi
1547 2822 1637 2863 Regis
1659 2825 1774 2862 Anglioe
1795 2826 1943 2863 supradicti
1964 2827 2037 2864 apud
2064 2828 2369 2868 Westmonasterium,

1300 2861 1496 2892 Londonienfi
1520 2861 1670 2901 Dioecese,
1689 2864 1813 2902 praefati,
1833 2864 1995 2896 Fernandus
2014 2866 2048 2897 &
2071 2866 2255 2906 Laurentius,
2270 2868 2365 2908 Sigilla

1299 2901 1345 2931 sua
1356 2900 1543 2931 Praesentibus
1557 2902 1760 2940 apposuerunt,

1627 2968 1811 3009 Praesentib'us
1830 2987 1898 3010 tunc
1917 2979 2041 3018 ibidem,

1337 3051 1516 3083 Reverendis
1533 3053 1561 3083 in
1583 3051 1702 3083 Christo
1720 3053 1868 3093 Patribus,

1339 3091 1494 3129 Dominis,

1341 3132 1383 3160 W
1382 3129 1488 3159 illielmo
1505 3132 1548 3158 W
1545 3133 1656 3159 intoniae

1338 3169 1631 3237 gqflcm'covmtriae
1646 3153 1684 3204 ὦ
1698 3169 1860 3209 Lichftldiae
1870 3193 1881 3208 ,

1384 3217 1441 3237 lCO
1463 3217 1482 3236 lS

1339 3217 1385 3276 ΑΞ
1409 3217 1467 3275 aliis
1486 3230 1514 3275 in
1536 3242 1715 3276 multitudine
1735 3246 1852 3285 copiosa
1877 3247 2011 3278 Testibus
2032 3246 2066 3279 ad
2095 3246 2240 3280 Praemissa
2254 3250 2363 3281 vocatis

1375 3283 1526 3323 specialiter
1543 3282 1576 3313 &
1591 3286 1707 3322 rogatis.

1300 3428 1394 3471 Super
1419 3421 1611 3456 Adhaerentia
1641 3424 1795 3470 Antipapae
1817 3422 1853 3457 cle
1877 3427 1912 3455 V
1910 3426 2051 3467 fitaztione
2068 3427 2215 3472 facienda
2226 3441 2236 3467 ‚·
2259 3433 2296 3468 ό*
2326 3427 2363 3462 de

1742 3474 1935 3507 l’roteHione.

1299 3567 1414 3627 REX
1432 3567 1579 3598 Univerfis
1598 3566 1632 3598 ὃς
1654 3567 1767 3603 singulis
1783 3567 2023 3606 Vicecomin'bus,
2044 3568 2218 3608 Maioribu5‚
2238 3569 2364 3609 Ballivis,
2384 3587 2450 3617 Am,
2473 3587 2503 3620 D

1373 3606 1526 3643 Ministris,
1544 3607 1578 3637 &
1597 3606 1657 3636 aliis
1680 3606 1820 3636 Fidelibus
1834 3606 1901 3644 suis,
1921 3607 1979 3636 tam
1994 3607 2066 3638 infra
2080 3607 2254 3647 LibertateS,
2273 3611 2359 3647 quam
2403 3638 2425 3657 Ι,
2442 3614 2477 3658 3¹6
2507 3610 2514 3620 ⁴

1299 3654 1391 3684 extra,
1409 3645 1443 3674 ad
1463 3654 1552 3682 quos,
1569 3646 1630 3676 &c.
1647 3644 1781 3674 Salutem.
2381 3672 2406 3694 A
2425 3639 2435 3668 Ξ
2483 3652 2488 3657 ·

1332 3684 1483 3715 Dominus
1505 3686 1625 3712 Summus
1647 3681 1776 3721 Pontifex
1793 3683 1838 3721 (ad
1854 3692 1940 3720 quem
1956 3682 2103 3724 Pastoralis
2117 3684 2218 3715 Officii
2233 3684 2310 3722 Cura
2325 3695 2360 3718 ex
2380 3678 2475 3734 1:¹29.

1299 3722 1369 3753 Alto
1384 3722 1586 3757 committitur)
1603 3724 1778 3760 perpendens
1793 3722 1907 3759 qualiter
1919 3723 2056 3752 Gerardus
2078 3723 2178 3752 Abbas
2198 3725 2360 3765 monasterii
2377 3727 2409 3771 1².
2451 3730 2455 3734 '
2486 3750 2488 3753 ,

1297 3760 1519 3802 cicestrienfium,
1538 3758 1680 3790 Cabilone
1696 3760 1846 3798 Dioecese,
1865 3761 1893 3789 in
1907 3762 2062 3799 reprobum
2077 3761 2184 3792 sensum
2200 3761 2295 3802 datus,
2307 3765 2359 3794 ini-
2376 3754 2439 3811 Ra?
2458 3755 2501 3810 9⁴2

1319 3802 1408 3830 uitatis
1424 3799 1588 3835 Alumpno,
1604 3798 1720 3827 Roberto
1734 3801 1883 3837 Antipapae
1899 3800 1959 3836 (qui
1975 3799 2000 3829 se
2016 3800 2176 3830 Clementem
2191 3802 2294 3840 Papam
2309 3813 2358 3834 au·
2376 3805 2405 3849 Μ’
2435 3792 2463 3848 {p
2470 3806 2473 3811 “
2506 3804 2511 3810 '

1296 3808 1325 3868 Pu
1339 3838 1487 3868 temerario
1500 3838 1640 3873 nominat)
1656 3837 1770 3874 publice
1783 3838 1922 3867 adhaerere
1933 3838 1967 3868 &
1981 3838 2073 3867 favere
2087 3839 2247 3878 praesumit,
2385 3840 2389 3847 ¹
2406 3844 2411 3849 “
2450 3833 2477 3857 4*

1335 3876 1372 3906 Et
1393 3878 1446 3913 ne,
1473 3884 1606 3912 praetextu
1629 3875 1786 3913 scismatis,
1813 3886 1871 3913 quo
1893 3876 2021 3912 praefatus
2043 3875 2185 3909 Gerardus
2207 3878 2303 3910 Abbas
2323 3881 2357 3911 &

1297 3916 1353 3953 ejus
1367 3914 1535 3951 Complices
1549 3914 1668 3943 involuti
1683 3914 1744 3943 fore
1760 3915 1927 3956 noscuntur,
1947 3913 2039 3944 fideles
2061 3915 2140 3954 Filii,
2159 3919 2237 3947 circa
2260 3917 2360 3958 Regu-

1296 3953 1386 3984 larum
1399 3952 1616 3983 Observantiam
1629 3952 1663 3982 &
1676 3952 1755 3990 alias,
1770 3953 1874 3989 poflint
1889 3953 1919 3981 in
1933 3962 2035 3983 eorum
2052 3953 2169 3991 juribus
2190 3955 2358 3988 detrimenta

1296 3992 1387 4021 subire

1334 4014 1454 4059 Dile't‘ns
1476 4028 1558 4058 nobis
1578 4029 1607 4057 in
1632 4027 1765 4066 Christo,
1786 4028 1897 4057 Abbati
1916 4028 1948 4058 de
1969 4028 2099 4068 Reyvalle
2141 4033 2175 4064 ες
2194 4032 2306 4063 Abbati·
2326 4034 2360 4063 de

1298 4068 1453 4104 PVardona,
1472 4067 1541 4096 dieti
1556 4066 1673 4096 Ordinis
1688 4066 1899 4109 Cistercienfis,
1913 4077 1961 4104 per
1976 4068 2083 4099 Literas
2098 4055 2275 4108 Apostolicas
2300 4071 2359 4101 Po-

1295 4105 1422 4137 testatem
1441 4106 1601 4143 commilit,
1618 4105 1652 4136 ad
1668 4115 1768 4136 omnes
1787 4105 1820 4135 ὃς
1841 4105 1962 4145 ungulos
1978 4106 2121 4147 Abbates,
2139 4109 2264 4147 Priores,
2282 4095 2360 4140 Prae-

1705 4152 1712 4159 *
1769 4142 1821 4174 Cc
1840 4154 1859 4173 a
2260 4147 2366 4186 positor
