2561 4251
722 207 834 254 ET
920 210 1188 256 ACTA

0 297 69 331 Ann.
85 294 129 328 D.
138 298 168 328 in
183 298 239 331 hac
253 304 330 338 parte
342 297 502 338 providere)
523 298 693 339 suscepimus
716 298 808 338 ipsum
827 299 1036 341 Raynfridum‚
1052 299 1209 340 Homines,

22 344 108 376 1355.
139 336 251 376 Equos,
268 336 328 382 &a
338 345 421 376 prout
435 341 465 368 in
471 338 602 379 fimilibus
613 339 645 369 de
660 339 797 370 andum
810 341 925 370 Literis.

0 377 61 405 Edv.
83 385 110 413 3.
176 376 211 408 In
229 386 323 415 cujus,
342 377 402 408 &c.

217 414 307 447 Teste
324 414 405 455 Rege
419 415 493 455 apud
506 415 809 455 Westmonasterium,
826 417 969 449 tricesimo
984 416 1030 448 die
1046 415 1127 448 Maii.

883 496 936 524 Per
953 494 1105 525 Concilium.

185 569 337 609 Confimiles
355 573 469 603 Literas
487 571 571 602 habet
588 570 720 600 Robertus
737 570 769 599 de
787 571 885 601 Sane'lo
905 573 986 602 Petro
1004 571 1135 609 Miles-,de
1148 578 1216 609 par-

150 607 222 638 tibus
241 612 417 649 Britannice,
435 619 485 649 pro
502 614 552 648 Se,
578 608 616 644 &
635 611 703 640 0630
721 610 869 650 Equitibus
889 610 920 640 de
936 610 1055 641 Familia
1071 609 1145 650 fied,
1164 616 1215 647 per

150 647 219 677 idem
233 654 334 688 tempus
349 649 513 688 duraturas,
523 650 575 688 Jiaer
589 647 681 678 eadem
697 647 789 679 Data.

153 776 202 810 De
228 781 306 825 Rege
322 803 332 820 ‚
365 780 397 811 in
419 776 612 812 Traflasibus
630 788 684 824 pro
708 781 785 811 Pace
807 777 846 811 ab
869 775 1059 820 Adverfizrio
1089 775 1221 808 Franciae

198 824 319 871 delusb,
355 825 392 859 de
426 829 545 860 Guerra
578 826 767 872 rifitmendo,
802 829 839 864 ὠ·
864 823 900 857 de
924 822 1033 857 orando
1059 835 1119 871 pro·
1129 823 1221 869 faelici

196 874 406 921 Expeditione-

5 954 71 987 ΑΗΒ
93 951 136 984 D·
153 958 304 1022 REX,
321 959 482 992 Venerabili
497 963 525 992 in
540 959 657 992 Christo
679 959 771 998 Patri,
788 958 817 989 S.
833 957 933 989 eadem
949 958 1054 997 gratia,
1070 957 1220 996 Archiepi·

23 999 107 1034 1355·
238 1000 327 1038 scopo
343 998 549 1037 Cantuarienfi,
566 1000 652 1029 totius
668 999 784 1036 Angliae
800 996 917 1028 Primati
927 1020 936 1036 ,
956 997 1088 1028 Salutem.

5 1037 59 1063 An·
74 1040 120 1068 29·
192 1039 413 1077 Recogitantes,
429 1039 461 1068 in
483 1037 664 1068 amaritudine
687 1035 823 1075 Spiritus,
845 1036 1057 1067 Tribulationes
1072 1031 1171 1066 multas
1187 1035 1221 1065 &

5 1075 92 1144 {imis
155 1078 256 1148 rssiiiiaaz
274 1088 308 1108 ac
323 1076 417 1107 Onera
434 1077 544 1115 gravia,
562 1086 626 1114 quae
641 1087 688 1114 per
703 1075 827 1106 Guerras
840 1076 925 1105 varias
943 1074 977 1104 &
997 1083 1091 1104 earum
1114 1073 1223 1104 Discri—

243 1139 253 1156 2

270 1115 371 1184 <Qubus
384 1114 488 1145 fuimus
503 1115 636 1145 hadrenus
648 1114 778 1152 involuti,
795 1113 917 1143 subditus
931 1113 1015 1143 nobis
1031 1111 1155 1150 Populus
1170 1122 1223 1150 pro

113 1156 138 1183 3·
157 1156 240 1187 nobis
253 1154 281 1185 su
303 1154 335 1184 iit
347 1153 405 1183 tam
421 1161 573 1192 gratanter,
588 1163 703 1192 graves,
720 1152 870 1185 nimirum,
890 1161 924 1182 ex
947 1151 1003 1182 hoc
1018 1152 1049 1182 in
1071 1150 1158 1181 corde
1173 1160 1223 1191 ge-

113 1185 136 1215 d·
156 1196 244 1226 rimus
255 1192 445 1231 Punffiones,

198 1231 236 1263 Et
249 1230 336 1269 ideo,
353 1239 383 1261 ut
396 1240 497 1262 eorum
510 1230 716 1263 consuleremus
728 1228 906 1260 Commodis
919 1229 952 1259 ὃς
969 1228 1066 1266 Qieti
1076 1251 1085 1266 ,
1104 1228 1137 1260 &
1152 1226 1225 1259 effii-

160 1271 271 1302 fionem
294 1271 443 1300 vitaremus
463 1269 602 1307 sanguinis
625 1268 794 1305 Christiani,
821 1275 958 1305 quantum
978 1267 1092 1304 decuit,
1116 1266 1224 1297 Pacem

181 1309 356 1347 uaefivimus,
374 1309 408 1339 &
420 1307 510 1346 plures
530 1308 595 1339 Vias
617 1307 697 1339 Pacis
711 1307 743 1338 &
760 1306 858 1346 pluries
873 1305 1040 1345 optulimus,
1059 1307 1143 1336 etiam
1158 1316 1227 1337 cum

161 1320 349 1380 {etrimento
365 1357 426 1377 non
438 1346 558 1377 modico
569 1346 643 1385 Juris
656 1345 762 1383 nostri,

8 1151 93 1185 29.E-

7 1196 36 1215 m
61 1195 104 1222 ¹9·

202 1387 239 1418 Et
260 1385 379 1416 demum
401 1386 472 1416 cum
490 1386 520 1414 in
539 1384 694 1422 Tradiatu,
714 1394 800 1422 prope
814 1383 952 1414 Calefium
976 1383 1045 1413 inter
1061 1382 1170 1413 nostros
1195 1382 1228 1413 δε

165 1425 345 1457 Adversarios
359 1423 470 1454 nostros
485 1423 612 1454 Franciae
625 1423 770 1460 Nuncios,
776 1422 811 1452 ad
826 1423 883 1452 hoc
897 1422 1043 1459 specialem
1058 1420 1229 1451 Potestatem

163 1465 313 1500 habentes,
327 1461 438 1500 pridem
453 1462 566 1499 habito,
583 1461 673 1492 fuisset
687 1461 737 1492 sub
753 1460 829 1492 certa
849 1460 945 1490 fornia
959 1460 995 1490 de
1017 1460 1091 1490 Pace
1113 1459 1231 1490 finaliter

163 1501 293 1535 concord
296 1509 373 1531 atum
379 1523 389 1539 ,

205 1541 224 1561 ²*
244 1540 284 1571 Et
303 1547 419 1578 propter
442 1539 516 1578 hoc,
534 1540 609 1577 quta
626 1537 751 1568 formam
768 1537 853 1568 dictae
879 1535 1074 1574 Concordiae,
1099 1535 1154 1567 fide
1173 1546 1233 1566 me-

165 1578 214 1612 di&
230 1580 334 1609 mutuo
347 1578 505 1616 roboratae,
523 1575 706 1615 misissemus,
727 1576 804 1607 bona
818 1575 891 1614 fide,
915 1575 949 1605 ad
969 1575 1143 1613 praesentiam
1167 1574 1234 1605 Do-

167 1618 242 1651 mini
257 1617 372 1647 Summi
387 1615 548 1654 Pontificis,
567 1625 618 1653 pro
633 1613 860 1646 Confirmatione
874 1614 962 1645 dicrae
978 1614 1170 1652 Concordiae,
1189 1613 1233 1644 so-

165 1658 294 1694 lempnes
309 1655 463 1693 Nuncios,
482 1663 603 1692 paratOS‚
623 1662 759 1693 quantum
774 1653 808 1685 ad
825 1663 875 1683 nos
887 1653 998 1686 attinet,
1018 1652 1110 1683 facere
1125 1652 1233 1691 quaefic

163 1695 276 1727 fuerant
291 1692 489 1732 Concordata,

201 1733 268 1764 Pars
280 1732 405 1771 adversa,
420 1731 545 1770 Vulpina
560 1730 735 1769 Calliditate,
752 1729 856 1761 Unum
872 1730 969 1768 Agens
983 1729 1016 1760 &
1041 1728 1128 1760 Aliud
1149 1728 1236 1759 Simi-

165 1774 241 1811 lans,
259 1771 294 1802 ad
306 1770 468 1802 faciendum
481 1771 564 1801 nobis
578 1770 720 1801 Guerram
735 1779 788 1807 pro
810 1769 915 1799 viribus
935 1768 961 1798 se
983 1769 1103 1806 paravit,
1123 1769 1236 1798 mittens

167 1813 201 1842 in
213 1810 282 1841 dolo
297 1810 434 1841 Nuncios
448 1809 483 1840 ad
500 1808 611 1839 dietum
635 1808 803 1840 Dominum
823 1807 977 1838 Summum
1001 1806 1191 1845 Pontificem,
1209 1814 1238 1837 ut

169 1851 208 1883 sic
222 1849 361 1880 videretur
374 1858 468 1887 parere
482 1847 648 1886 Conditstis,

206 1887 286 1927 Qi,
305 1887 440 1918 Nuncios
465 1886 576 1916 nostros
598 1886 665 1917 illuc
692 1886 807 1916 inaniter
837 1883 1008 1922 aliquamdiu
1034 1883 1240 1921 protrahentes,

168 1925 206 1958 &
221 1937 274 1957 nos
292 1925 453 1995 Sumpltibus
471 1925 603 1962 gravibus
620 1929 807 1962 exponentes,
825 1923 960 1960 demum,
980 1923 1008 1951 in
1027 1921 1155 1953 Elatione
1175 1922 1240 1969 Spi-

169 1964 256 2004 ritus,
273 1974 342 1996 curn
391 1963 527 1994 iolatione
545 1962 644 2001 Fidei,
661 1962 770 1995 dietam
789 1962 890 1993 habere
914 1960 1112 1991 Concordiam
1132 1970 1241 1992 recusa—

169 2012 245 2035 runt.

208 2042 276 2074 Nos
289 2043 325 2073 ita
345 2051 380 2073 ue

213 2080 310 2112 Dictis
325 2052 454 2111 {Iuncus
466 2077 565 2110 nostris
579 2078 614 2110 ad
628 2088 681 2110 nos
694 2077 872 2110 redeuntibus
883 2076 988 2109 Vacuis
1001 2078 1035 2109 &
1057 2076 1177 2116 Delufis,
1199 2077 1244 2107 vi-

174 2120 271 2151 dentes
293 2118 435 2149 Malitiam
453 2128 503 2156 per
526 2117 639 2148 Partem
660 2117 833 2155 Adversam,
852 2117 881 2146 in
902 2115 990 2146 nostri
1019 2117 1052 2147 &
1082 2115 1244 2146 nostrorum

174 2157 385 2189 Confufionem
406 2156 522 2187 subdole
544 2155 761 2193 Conspiratam,
780 2156 814 2186 &
836 2153 1039 2185 Imminentem
1061 2155 1089 2184 in
1108 2154 1244 2194 Foribus,

173 2197 227 2229 nisi
238 2196 316 2227 Deus
329 2203 451 2233 avertat,
469 2196 502 2226 ὃς
517 2194 586 2226 Nos
600 2194 683 2225 citius
696 2195 729 2226 &
743 2194 886 2232 potentius
904 2203 1102 2231 occurramus,

212 2235 258 2266 Ac
280 2234 414 2273 sperantes
434 2234 470 2267 de
490 2233 641 2264 dulcedine
662 2232 781 2263 Divinae
803 2231 990 2270 Clementiae,
1021 2242 1086 2271 quae
1109 2231 1246 2270 Deceptis

175 2276 366 2312 compatitur,
384 2274 418 2304 &
433 2272 531 2303 resistit
543 2271 758 2313 Decipientibus
773 2271 806 2302 &
822 2270 971 2310 SuperbiS,

213 2313 357 2343 Guerrarn
373 2311 510 2342 resumere
524 2310 648 2341 nostram
661 2309 860 2349 compellimur
874 2310 909 2340 ad
931 2308 1098 2340 Defensam-

212 2351 344 2390 Verum,
363 2351 434 2382 cum
449 2349 628 2388 Triumphus
649 2359 710 2380 non
729 2350 760 2379 sit
775 2357 809 2379 ex
830 2348 977 2387 Homine,
996 2348 1032 2379 set
1047 2358 1081 2379 ex
1128 2358 1165 2379 eo
1202 2348 1250 2386 qui

176 2394 250 2430 'quos
263 2390 324 2421 vult
337 2390 486 2430 deprimit,
501 2389 534 2420 ὃς
549 2389 650 2427 quibus
662 2389 723 2420 vult
738 2388 900 2428 Victoriam
917 2388 1089 2426 impertitur,
1105 2387 1144 2418 fic
1189 2388 1250 2417 uxi-

178 2430 221 2460 lio
236 2428 470 2466 Confidentibus,
487 2428 520 2458 δε
538 2427 681 2459 Auxilium
697 2426 859 2466 hujusmodi
874 2426 1038 2466 plerumque
1047 2425 1168 2457 Peccata
1177 2436 1250 2463 prae-

178 2468 312 2507 pediant,
334 2467 371 2497 set
391 2467 541 2497 Orationes
565 2465 724 2505 Fidelium,
743 2466 777 2497 δε
799 2465 850 2497 alia
865 2464 926 2496 Piae
946 2465 1120 2497 Devotionis
1132 2464 1249 2503 Opera,

180 2506 251 2538 illud
265 2507 389 2538 excitent
401 2506 435 2536 &
448 2505 598 2543 festinent,

220 2545 318 2577 Velitis
337 2544 476 2583 (petimus)
496 2554 548 2582 pro
564 2544 664 2574 Nobis
676 2544 710 2574 &
725 2543 800 2574 felici
817 2542 1004 2582 Expeditione
1022 2541 1120 2573 nostra
1141 2542 1253 2573 devotis

182 2584 385 2622 Orationibus,
402 2583 436 2614 &
450 2583 508 2614 aliis
519 2582 630 2613 Pietatis
643 2582 776 2621 Officiis,
792 2583 896 2620 jugiter
908 2581 1050 2612 intendere
1061 2605 1070 2620 ,
1090 2591 1123 2612 ac
1139 2590 1251 2619 propter

182 2623 241 2655 hoc
255 2622 473 2653 Praedicationes
486 2622 520 2652 &
535 2620 730 2652 Proceffiones
743 2621 855 2652 devotas
872 2620 932 2651 fieri
955 2620 1066 2658 facere,
1081 2620 1133 2659 &,
1151 2620 1253 2658 quibus

183 2661 332 2700 praesidetis
341 2684 351 2699 ,
371 2660 489 2692 Clerum
503 2661 536 2692 &
551 2659 693 2698 Populum
708 2659 865 2691 salutaribus
880 2659 1016 2689 mandatis
1030 2659 1063 2689 ὅ(
1078 2660 1193 2688 monitis
1209 2660 1254 2689 in-

184 2701 310 2737 ducatis,
327 2701 361 2731 &
379 2699 475 2730 induci
491 2698 643 2730 efficaciter
658 2698 778 2737 faciatis,
795 2706 825 2729 ur
838 2698 905 2736 ipfi,
925 2707 975 2735 per
993 2707 1088 2728 veram
1108 2696 1257 2727 Poeniten-

184 2739 275 2776 tiam,
291 2739 324 2770 &
344 2738 421 2769 Vitae
437 2737 613 2768 Munditiam
623 2760 633 2776 ,
652 2736 785 2768 Domino
802 2737 1028 2774 complacentes,
1042 2735 1076 2766 ad
1094 2734 1189 2773 Ipsum
1204 2746 1255 2773 pro

187 2776 291 2807 Nobis
315 2777 348 2808 &
371 2775 471 2806 nostris
488 2776 662 2807 intercedant
680 2777 714 2807 δε
733 2783 831 2813 orent,
853 2776 887 2806 &
903 2775 953 2805 alia
971 2774 1068 2813 Opera
1092 2774 1257 2804 Misericor-

188 2815 245 2845 diae
261 2815 403 2846 humiliter
419 2822 581 2852 exerceant,
598 2822 631 2844 ut
646 2814 695 2853 sic,
713 2813 793 2851 quod
811 2813 908 2844 nostris
925 2812 1036 2843 Meritis
1053 2822 1113 2842 non
1133 2813 1257 2851 debetur,

187 2852 301 2923 vestgiS,
320 2854 353 2884 &
372 2862 488 2890 eorum,
505 2862 538 2883 ac
556 2853 677 2883 aliorum
695 2851 800 2883 Christi
818 2851 958 2883 Fidelium
975 2851 1058 2882 nobis
1083 2849 1259 2882 Interceffio-

189 2902 227 2923 ne
264 2900 374 2922 onetur.

260 2929 351 2961 Teste
366 2929 454 2969 Rege
471 2929 546 2968 apud
565 2928 870 2968 Westmonasterium,
888 2929 983 2967 primo
998 2928 1044 2958 die
1056 2927 1143 2967 Junii.

11 1554 32 1576 *ὃ
43 1551 148 1589 v.817.

948 3006 1001 3035 Per
1021 3004 1102 3044 ipficm
1119 3008 1226 3043 Regem.

230 3083 380 3125 Confimilia
397 3087 506 3114 Brevia
529 3083 686 3121 diriguntur
706 3082 909 3124 Archiepiscopo
933 3081 1073 3121 Ehorum,
1096 3080 1134 3117 ὦ
1150 3080 1265 3123 fingulis

198 3122 330 3164 Episcopi}
339 3131 390 3162 per
404 3122 554 3161 Angliam,
565 3122 620 3162 Jub
632 3122 723 3152 eadem
739 3121 830 3152 Data.

248 3257 296 3290 De
318 3258 502 3292 Armaturis
526 3253 748 3302 investigandis,
773 3257 810 3294 ᾤ’
833 3254 870 3288 de
892 3256 990 3289 Pretio
1021 3252 1215 3288 moderando.

51 3345 128 3378 Ann.
144 3331 188 3378 D.
269 3342 295 3374 E
305 3342 336 3374 X
356 3342 463 3381 Majori
477 3343 510 3373 &
525 3341 758 3372 Vicecomitibus
776 3340 958 3385 Londoniae,
969 3339 1102 3371 Salutem.

71 3390 158 3425 1355.
306 3382 384 3420 Qia
398 3381 571 3418 Armararii,
589 3380 622 3411 &
637 3379 693 3418 alii,
713 3381 762 3417 qui
776 3380 937 3410 Armaruras
952 3389 981 3409 in
996 3378 1120 3409 Civitate
1135 3375 1271 3418 praedicta

51 3427 105 3452 An,
123 3432 169 3459 ²9·
208 3419 313 3449 habent
325 3419 500 3458 vendendas,
519 3419 689 3449 attendentes
703 3417 915 3456 Indigentiam,
933 3427 1015 3455 quam
1026 3416 1215 3457 Magnates&
1225 3418 1272 3449 alii

53 3466 86 3490 Ξ.
105 3471 131 3498 3.
211 3456 320 3488 Fideles
333 3459 436 3496 nostri,
452 3459 482 3488 in
498 3457 679 3495 Obsequium
693 3455 830 3494 nostrum,
849 3466 903 3494 pro
917 3455 1092 3486 Defenfione
1108 3455 1206 3493 Regni
1219 3467 1273 3486 no—

53 3499 142 3536 claus.
213 3495 261 3526 stri
278 3495 410 3535 Angliae,
427 3496 550 3528 celeriter
564 3495 736 3534 proferituri,
754 3494 790 3525 de
804 3494 960 3533 hujusmodi
975 3494 1130 3524 Armaturis
1144 3504 1196 3532 pro
1204 3495 1273 3526 Via-

58 3547 103 3573 ²9-
120 3541 150 3566 Ε.
168 3546 192 3574 3.
211 3535 263 3572 gio
277 3535 324 3564 suo
335 3535 435 3578 habere
447 3535 642 3572 dinoscuntur,
659 3535 756 3564 omnia
767 3532 880 3563 Genera
896 3533 1127 3571 Armaturarum,
1145 3534 1174 3563 in
1191 3533 1275 3564 Civi-

56 3585 96 3606 m.
104 3583 150 3614 24.
215 3581 269 3604 tate
282 3572 418 3610 praedicta
427 3572 460 3602 &
468 3573 614 3603 Suburbiis
624 3572 801 3610 eJ'usdem,ad
815 3572 898 3602 nimis
912 3571 1084 3602 exceffivum
1097 3571 1275 3609 valorem,&

209 3612 286 3644 aliter
302 3612 388 3649 quam
403 3609 564 3648 hujusmodi
582 3611 739 3642 Armaturae
765 3619 829 3641 ante
846 3609 1068 3648 publicationem
1087 3610 1157 3640 dieti
1175 3609 1273 3647 Viagii

206 3651 403 3682 communiter
417 3648 627 3686 vendebantur,
647 3649 770 3680 vendere
790 3650 843 3679 'am
862 3650 1002 3686 nituntur,
1027 3649 1057 3678 in
1075 3647 1162 3678 nostri
1180 3658 1213 3679 ac
1231 3648 1276 3678 di-

207 3690 326 3721 ciorum
344 3687 514 3726 Magnarum
528 3687 561 3717 &
580 3686 718 3717 Fidelium
735 3697 774 3716 no
801 3697 898 3718 rorum
919 3687 1107 3724 Dispendium
1133 3697 1193 3717 non
1212 3697 1276 3717 mo-

208 3728 308 3798 ‘sigilium
328 3727 362 3758 &
377 3726 542 3764 jacturam,
559 3725 592 3756 &
609 3724 680 3755 dieti
696 3724 859 3763 Progressus
884 3725 1130 3756 Perturbationem
1157 3725 1278 3756 manife-

293 3788 304 3805 ²

247 3803 384 3887 {Ques
401 3839 584 3879 Progressum
603 3839 746 3884 didiorum
765 3838 938 3884 Magnatum
955 3841 988 3872 &
1014 3840 1151 3885 Fidelium
1170 3840 1282 3885 nostro·

214 3890 280 3913 rum
285 3891 356 3926 .‘..¹¹¹
375 3888 511 3925 quantum
532 3887 706 3918 poterimuS,
729 3876 870 3917 festinari,
891 3879 925 3909 &
942 3877 1101 3917 hujusmodi
1120 3880 1285 3910 machinans

217 3918 531 4002 Mei-iiiiisciiijiilrigmus
547 3957 580 3988 &
597 3955 760 3987 mandamus
779 3954 880 4023 qugd,
897 3954 1040 3993 assumptis
1054 3956 1224 4003 vobiscum,
1241 3956 1287 3987 di-

218 3995 428 4072 rante
437 3993 1287 4078 sn2ifernff.n1;s.srsfflsug:

223 4084 305 4120 mos,
322 4072 356 4103 &
370 4072 464 4116 Loca,
479 4074 540 4104 tam
556 4073 786 4117 Armurariorum
795 4095 805 4111 ,
821 4072 906 4111 quam
918 4071 1056 4110 aliorum,
1070 4073 1119 4116 qui
1132 4072 1290 4116 Atmaturas

223 4123 257 4146 m
266 4111 351 4146 dietis
363 4109 488 4145 Civitate
497 4111 531 4144 &
544 4111 691 4145 Suburbus
706 4112 811 4144 habent
818 4109 978 4146 vendendas
996 4110 1119 4149 (memmi
1131 4120 1162 4141 in
1168 4111 1220 4143 hac
1229 4120 1291 4149 par-

1269 205 1752 254 PUBL1CA.
2254 226 2331 267 109

1244 307 1271 330 te
1289 298 1445 336 parcendo)
1470 298 1633 336 investigari
1657 299 1779 330 celeriter
1802 298 1925 338 faciatis,
2331 293 2468 332 Anasi-0

1257 377 1262 382 .
1281 337 1318 381 Et
1331 337 1497 383 xArmaturas
1511 338 1634 376 Ferreas,
1654 337 1750 369 habita
1764 338 1985 369 consideratioiie
1999 339 2033 369 ad
2051 340 2184 372 Valorcm
2209 337 2312 371 Metal„
2361 341 2445 377 1355.

1244 375 1263 406 11
1279 374 1346 406 inde
1359 385 1394 405 ac
1409 375 1538 413 Operum
1553 376 1586 406 ὃς
1602 377 1794 414 Apparatuum
1815 377 1979 407 earumdem
1989 400 1999 416 ,
2016 379 2050 409 &
2080 380 2113 410 ad
2136 379 2313 410 moderatum
2335 381 2402 406 Edv„
2420 388 2445 414 3.

1247 414 1389 452 Lucrum,
1407 414 1475 458 ultra
1495 414 1652 452 hujusmodi
1676 414 1843 453 Metallum,
1862 415 1975 454 Opera,
1992 418 2025 447 δε
2049 417 2220 456 Apparatus,
2234 418 2313 456 juxra

1247 461 1381 497 mutuum
1393 452 1593 483 avrsamentum
1609 453 1642 484 ὅ(
1656 454 1801 484 arbitrium
1815 455 1950 492 aliorum,
1966 454 2031 485 inde
2053 458 2183 487 notitiam
2205 457 2312 486 haben*

1246 499 1317 536 tium
1326 514 1336 529 ,
1352 490 1371 520 fi
1385 500 1455 534 opus
1468 491 1551 534 fuerit
1559 514 1575 534 ².
1587 493 1747 530 appretiari,
1765 493 1843 522 &ea
1856 492 1940 523 dietis
1953 491 2132 531 Magnatibus
2145 496 2178 525 &
2193 495 2251 525 aliis
2266 495 2313 525 Fi*

1247 529 1355 572 delibus
1369 528 1485 572 nostris,
1503 539 1532 573 in
1547 530 1628 572 dicto
1644 530 1750 567 Viagio
1766 531 1931 568 profecturis
1943 554 1952 570 ,
1970 541 2002 561 ea
2023 542 2116 562 emere
2134 533 2310 571 volentibus,

1248 567 1284 598 ad
1307 567 1463 606 huJusmodi
1482 568 1644 611 rationabile
1666 568 1804 607 Pretium,
1824 578 1908 606 prout
1926 579 1974 607 per
1996 569 2063 600 Nos
2084 572 2117 602 ὃς
2140 571 2313 603 Concilium

1249 606 1380 637 nostrum
1391 608 1499 637 onerati
1513 605 1576 636 estis
1589 607 1623 636 &
1640 606 1674 635 ad
1689 606 1746 637 hoc
1755 608 1859 647 jurati,
1875 608 1960 638 vendi
1973 608 2096 648 faciatis,
2113 611 2166 648 ne,
2183 611 2213 639 in
2229 611 2313 640 vestri

1251 643 1489 688 Defe&um,ssaut
1502 644 1763 686 Tepiditatemz&
1781 647 1969 676 machinatam
1993 646 2153 685 Malitiam,
2171 648 2315 685 hujusmo=

1250 682 1279 712 di
1294 683 1523 714 Armurariorum
1548 689 1561 700 ⁴⁶
1583 682 1746 719 Progressus
1759 684 1907 720 praedfflus
1921 685 1989 716 ultra
1997 693 2105 723 tempus
2119 686 2189 717 inde
2202 687 2315 717 ordina-

1252 728 1314 751 tum
1333 721 1421 761 (quod
1436 722 1515 759 absit)
1536 723 1628 759 capiat
1638 721 1811 752 dilationem.

1288 759 1327 790 Et
1346 761 1365 790 fi
1387 770 1457 797 quos
1472 760 1650 790 Armurarios
1664 759 1824 797 hujusmodi
1837 759 1992 792 Armaturas
2005 773 2020 793 a
2041 763 2122 793 vobis
2143 758 2318 794 absconden-

1253 805 1309 836 tes,
1328 797 1372 827 seu
1387 808 1429 827 eas
1443 798 1619 829 concelantes
1633 807 1678 828 aut
1692 798 1867 835 elongantes,
1885 800 2057 839 inveneritis,
2075 810 2142 832 tunc
2156 801 2318 833 Armaturas

1254 836 1328 874 illas,
1347 836 1384 867 fic
1400 835 1568 866 Concelatas
1581 838 1614 868 &
1629 836 1791 875 Elongatas,
1809 838 1983 876 ubicumque
2000 849 2043 869 eas
2058 841 2171 878 reperiri
2185 842 2317 878 contige-

1255 875 1308 912 rit,
1327 883 1459 911 tanquam
1474 875 1554 904 nobis
1568 874 1739 913 forisfactas,
1756 876 1785 905 in
1801 875 1922 905 Manum
1937 877 2059 908 nostram
2077 880 2154 917 capi,
2170 879 2203 910 &
2225 889 2267 910 eas
2282 879 2317 909 ad

1255 923 1324 950 opus
1347 911 1475 942 nostrum
1500 912 1576 943 salvo
1600 913 1731 944 custodiri
1751 913 1871 952 faciatis,
1888 914 1973 953 Nos,
1992 916 2020 945 in
2040 915 2243 947 Cancellariam
2266 927 2320 947 no-

1256 951 1359 989 stram,
1377 951 1437 994 tam
1451 951 1487 981 de
1502 951 1617 982 Genere
1630 952 1862 988 Armaturarum,
1880 953 1913 983 &t
1929 953 2030 984 Valore
2044 955 2216 994 earumdem,
2234 956 2321 989 quam

1257 989 1293 1020 de
1308 989 1489 1020 Nominibus
1503 1000 1623 1028 quorum
1637 990 1764 1029 fuerant,
1783 990 1971 1021 certificantes.
2245 990 2253 994 ”

1331 1027 1420 1058 Teste
1440 1028 1523 1066 Rege
1531 1029 1604 1067 apud
1623 1029 1927 1069 Visestmonasterium,
1943 1030 2019 1061 seXto
2034 1030 2080 1062 die
2097 1031 2187 1070 Junii.

2341 691 2469 723 “Vississi

1972 1108 2024 1137 Per
2042 1108 2124 1147 ipsum
2141 1111 2246 1146 Regem.

1260 1230 1319 1266 Ad
1339 1234 1460 1265 Literas
1481 1234 1588 1266 Karoli
1610 1235 1800 1280 Imperatoris
1822 1261 1832 1276 ,
1858 1233 1894 1267 de
1919 1236 2108 1268 Coronatione
2121 1235 2183 1280 sita
2209 1237 2325 1277 Romae,

1681 1283 1903 1318 Gratulatoria.

1312 1366 1581 1399 ERENISSIME
1603 1367 1856 1399 Parncrpun
1876 1377 1926 1400 ET
1947 1369 2123 1401 FRATER
2141 1367 2332 1399 CARisst-
2354 1354 2486 1388 lam-D*

1323 1413 1349 1435 M
1361 1414 1378 1434 E
1388 1428 1397 1443 ²
2350 1403 2466 1468 A211352}

1290 1480 1456 1526 imperialis
1480 1482 1579 1513 vestrae
1603 1481 1781 1514 Celfitudinis
1807 1484 1930 1523 Apices,
1955 1484 2032 1523 super
2050 1483 2138 1514 felicis
2157 1481 2332 1514 Coronatio-
2352 1477 2426 1522 ΕΙχΞ·

1267 1531 1309 1565 nis
1329 1521 1427 1551 vestrae
1446 1521 1632 1560 Solempniis,
1651 1524 1681 1552 in
1699 1522 1877 1553 sacratissimo
1894 1524 1939 1553 die
1955 1523 2084 1561 Paschae,
2107 1524 2137 1553 in
2154 1522 2239 1552 Urbe
2257 1521 2332 1551 cele·
2353 1513 2418 1538 ΜΛ
2432 1519 2482 1561 ἠ’-

1266 1560 1351 1607 briter
1369 1560 1402 1590 &
1419 1560 1580 1591 honorifice
1596 1561 1756 1599 celebratis,
1776 1570 1809 1591 ex
1827 1559 1980 1591 affectione
1997 1563 2029 1592 &
2049 1562 2150 1600 magna
2168 1560 2251 1590 vestri
2270 1569 2336 1596 gra·
2359 1559 2405 1586 ¹3·
2432 1554 2483 1575 ’Μ’

1267 1606 1322 1635 tia,
1347 1600 1427 1629 nobis
1453 1600 1543 1637 miffi,
1570 1609 1708 1637 magnum
1734 1600 1817 1630 nobis
1847 1599 2031 1630 Exultationis
2062 1599 2211 1630 cumulum
2243 1598 2338 1629 attule-

1268 1646 1340 1667 runn

1310 1675 1347 1706 Et
1366 1675 1480 1718 quidem
1501 1675 1538 1706 de
1562 1684 1620 1706 tam
1642 1676 1758 1707 celebris
1776 1676 1959 1707 insinuatione
1982 1676 2135 1714 Rumoris,
2159 1676 2192 1706 &
2214 1673 2342 1704 felicibus

1271 1714 1465 1752 Successibus,
1484 1715 1517 1745 ὃς
1533 1715 1658 1751 gloriosis
1678 1716 1799 1753 Titulis,
1819 1715 1919 1754 quibus
1936 1714 2089 1745 Altiffimus
2105 1722 2257 1744 cuntorum
2274 1711 2341 1742 Do-

1272 1753 1363 1784 minus
1384 1763 1492 1783 nomen
1514 1752 1637 1783 vestrum
1662 1754 1823 1793 magnificat
1842 1754 1876 1784 ὃς
1896 1753 2012 1791 attollit,
2036 1753 2143 1783 nedum
2166 1751 2279 1789 Nobis,
2303 1750 2340 1781 set

1272 1791 1446 1822 Communis
1459 1791 1542 1822 debet
1556 1791 1612 1822 esse
1626 1790 1713 1823 Causa
1729 1792 1858 1830 Laetitiae,
1873 1793 1942 1822 cum
1956 1790 2155 1822 Communem
2168 1790 2344 1827 Utilitatem,

1272 1830 1383 1868 sumpta
1397 1830 1432 1860 de
1447 1829 1590 1860 fortunatis
1603 1830 1700 1861 vestris
1715 1831 1852 1869 Auspiciis
1874 1830 2066 1868 Oonje&ura,
2083 1829 2229 1861 credantur
2251 1827 2344 1858 verisi-

1271 1868 1373 1899 militer
1390 1868 1543 1907 praesagire.

1309 1906 1351 1937 Illi
1368 1909 1464 1945 igitur,
1483 1909 1529 1945 qui
1545 1916 1579 1937 ex
1593 1907 1647 1938 alt&
1658 1907 1711 1937 suae
1726 1905 1915 1937 Providentia:
1928 1906 2049 1944 Speculcl
2063 1905 2172 1944 respicit
2187 1905 2264 1943 super
2271 1904 2347 1935 Ter-

1277 1951 1337 1976 r'am
1347 1969 1355 1982 ,
1371 1946 1540 1976 distribuens
1554 1954 1634 1983 prout
1648 1945 1707 1976 vult
1722 1945 1819 1975 Seculi
1834 1945 2012 1984 Dignitates,
2030 1945 2061 1975 sit
2075 1945 2180 1975 Honor
2195 1945 2224 1973 in
2239 1944 2355 1981 Terris„

1277 1986 1311 2017 &
1326 1984 1426 2016 Gloria
1441 1986 1469 2014 in
1484 1984 1621 2023 Excelsis,
1659 1985 1687 2014 ui
1700 1984 1777 2015 sacro
1792 1983 1930 2015 Romano
1952 1983 2076 2021 Imperio
2097 1983 2133 2014 de
2146 1981 2349 2013 Gubernatore

1276 2028 1334 2054 tam
1355 2023 1569 2061 accommodo,
1586 2024 1616 2053 in
1668 2023 1816 2053 xultatione
1839 2022 1974 2054 universae
1994 2021 2114 2061 Terrae,
2133 2020 2348 2051 misericorditer

1273 2063 1333 2101 jam
1349 2062 1491 2101 providit,
1508 2061 1618 2102 ipseque
1632 2062 1715 2092 vobis
1735 2061 1914 2100 (quaesumus)
1936 2061 2046 2091 Gratiae
2060 2060 2115 2091 suae
2124 2059 2235 2090 Rorem
2251 2058 2349 2089 infun-

1280 2100 1343 2139 dat,
1361 2100 1493 2139 actusque
1512 2101 1616 2131 vestros
1638 2101 1669 2130 in
1691 2101 1740 2130 suo
1762 2100 1940 2138 beneplacito
1963 2099 2066 2136 dirigat
2081 2100 2114 2130 &
2132 2097 2299 2137 confirmet,
2317 2104 2350 2132 ut

1278 2139 1336 2178 spes
1347 2140 1438 2179 bona,
1453 2149 1538 2178 quam
1555 2139 1671 2176 gratiosa
1683 2138 1774 2170 vestra
1795 2140 1945 2177 propinant
1961 2137 2121 2178 Principia,
2139 2147 2188 2175 per
2210 2137 2288 2174 super
2301 2145 2358 2172 eir-7

1279 2178 1454 2248 εἷεῖςεῐῑιῑεω
1468 2178 1575 2216 semper
1590 2177 1806 2217 Prosperitatem
1814 2178 1844 2208 in
1856 2177 1934 2208 Rem
1947 2176 2071 2216 transeat,
2079 2177 2112 2208 &
2121 2176 2219 2206 Finem
2227 2174 2354 2213 optineat

1312 2228 1376 2248 orio
1388 2228 1445 2248 um.

1281 2227 1301 2255 g
1319 2256 1371 2295 Et,
1390 2258 1454 2295 quia
1465 2255 1608 2294 Majestati
1621 2252 1719 2286 vestrae
1728 2260 1841 2293 gratum
1853 2253 1914 2285 fore
1928 2252 2100 2285 confidimus
2111 2252 2148 2284 de
2161 2251 2243 2283 nobis
2257 2249 2354 2282 audire

1283 2293 1423 2334 Salubria,
1441 2294 1511 2325 scire
1534 2294 1599 2325 velit
1621 2293 1712 2324 vestra
1733 2292 1858 2324 Caesarea
1883 2292 2058 2330 Magnitudo
2079 2292 2147 2323 Nos
2164 2291 2258 2321 Laetos
2279 2287 2361 2327 effe,-

1283 2333 1406 2365 laudetur
1422 2333 1594 2371 Altiffimus,
1611 2333 1645 2364 &
1660 2332 1837 2371 Incolumes,
1854 2332 1888 2362 &
1903 2331 1937 2362 Id
1949 2331 1985 2362 de
2000 2332 2082 2363 vobis
2096 2331 2167 2362 scire
2187 2327 2355 2360 desiderabi-

1283 2373 1342 2404 liter
1354 2372 1527 2404 affectantes.
2068 2403 2070 2406 ,
2231 2402 2234 2405 ,

1322 2411 1369 2442 Ad
1386 2410 1671 2449 Redintegrationem
1688 2410 1720 2441 ὃς
1736 2408 1942 2439 Exaltationem
1956 2406 2073 2448 Imperii
2092 2406 2196 2439 crescat
2217 2404 2250 2437 δε
2265 2403 2352 2436 valeat

1285 2452 1315 2481 in
1330 2450 1466 2481 Domino
1480 2448 1632 2481 diutissime
1648 2449 1798 2486 lmper-ialis
1814 2446 1996 2478 Excellentiae
2014 2446 2197 2485 Magnitudo.

1362 2486 1428 2520 Dat.
1446 2490 1475 2520 in
1492 2489 1578 2520 Turri
1596 2487 1690 2518 nostr&⁴
1708 2486 1887 2525 Londoniae,
1907 2485 2084 2516 duodecimo
2098 2486 2144 2516 die
2155 2485 2245 2524 Junii.

1641 2613 1690 2648 De
1716 2615 1791 2646 Cera
1815 2609 1999 2645 renovanda.

1291 2699 1415 2762 REX
1428 2698 1629 2736 Thesaurario,
1645 2699 1677 2729 ὃς
1696 2696 1863 2728 (Σπηεῑπίἱε
1877 2697 1944 2735 suis,
1961 2697 2094 2727 Salutem.
2141 2687 2148 2692 ’
2386 2704 2461 2736 Arm.
2474 2701 2507 2734 D
2510 2719 2518 2736 ὀ

1398 2738 1571 2769 Mandamus
1587 2738 1669 2767 vobis
1689 2736 1766 2774 quod
1783 2736 1905 2773 Ceram,
1924 2737 1998 2766 circa
2017 2735 2146 2773 Corpus,
2169 2734 2284 2765 celebris
2305 2743 2365 2764 me·
2409 2751 2495 2783 1355,

1293 2778 1409 2816 moriae,
1428 2778 1551 2808 Domini
1567 2776 1600 2806 E.
1617 2776 1762 2816 quondam
1781 2774 1871 2811 Regis
1890 2774 2021 2812 Angliae,
2041 2774 2099 2804 Avi
2119 2773 2224 2811 nostri,
2241 2774 2271 2802 in
2291 2772 2363 2802 Mo·
2386 2787 2437 2810 A,
2456 2791 2501 2817 29,

1292 2816 1411 2847 nasterio
1426 2814 1717 2847 Westmonasteriensi
1733 2813 1900 2851 humatum,
1914 2813 2092 2850 existentem,
2111 2812 2147 2842 de
2168 2811 2297 2842 Denariis
2312 2821 2364 2841 no·
2388 2826 2416 2849 E.
2441 2830 2465 2856 3,

1293 2855 1352 2886 stris
1368 2856 1496 2885 renovari
1508 2854 1632 2891 faciatis,
1651 2860 1734 2890 prout
1748 2852 1880 2882 inustenus
1895 2851 1954 2882 fieri
1977 2851 2133 2882 consuevit.
2387 2859 2499 2888 Liberat.

1330 2894 1420 2925 Teste
1435 2894 1517 2932 Rege
1533 2892 1607 2932 apud
1619 2890 1925 2929 westmonasterium,
1943 2891 2077 2921 vicelimo
2093 2889 2198 2920 octavo
2213 2888 2260 2919 die
2279 2888 2367 2927 Junii.
2390 2908 2433 2932 29·
2452 2901 2480 2923 E.
2493 2896 2520 2933 3,·

2384 2945 2421 2965 m.
2437 2944 2464 2973 3.

1471 3045 1475 3047 -
1506 3023 1564 3053 Pro
1591 3022 1693 3055 Urere
1717 3028 1809 3064 nuper
1831 3017 1877 3049 W
1876 3017 1994 3050 illielmi
2018 3014 2162 3063 Douglas.

1301 3105 1423 3165 REX
1441 3106 1592 3142 omnibus,
1611 3103 1647 3135 ad
1665 3113 1752 3142 quos,
1768 3103 1830 3134 &c.
1869 3101 2004 3133 Salutem.

1393 3145 1493 3176 Sciatis
1509 3144 1606 3182 quod,
2349 3177 2354 3181 .
2411 3157 2496 3190 ¹355·

1340 3184 1439 3221 Cum,
1456 3184 1533 3222 juxra
1549 3182 1782 3218 conventiones,
1800 3180 1873 3210 inter
1884 3177 1950 3209 Nos
1966 3179 1999 3210 &
2014 3177 2219 3216 Elizabetham,
2237 3185 2299 3215 quae
2314 3174 2367 3206 fuit
2389 3192 2441 3216 An·
2458 3197 2494 3224 29

1301 3223 1389 3255 Uxor
1405 3222 1558 3253 Willielini
1572 3220 1713 3258 Douglas,
1732 3230 1795 3258 quae
1808 3219 1841 3249 ad
1859 3218 1963 3249 Fidem
1978 3219 2010 3249 &
2023 3218 2226 3248 Obedientiam
2242 3214 2365 3244 nostram
2388 3231 2419 3254 E.
2439 3235 2466 3263 3·
2498 3208 2507 3219 ⁸

1302 3263 1397 3301 venit,
1415 3263 1448 3293 ὅ(
1464 3261 1545 3291 nobis
1559 3259 1741 3295 Homagium
1758 3258 1882 3295 Ligeum
1897 3258 1929 3288 ὃς
1946 3256 2094 3286 Fidelitatis
2113 3255 2309 3297 juramentum
2323 3251 2366 3282 fe-
2387 3269 2454 3292 sm·
2479 3272 2525 3301 ²92

1303 3303 1360 3340 cit,
1377 3301 1474 3338 initas,
1494 3297 1713 3328 concefferimus
1726 3296 1821 3327 eidem
1837 3295 2010 3326 Elizabethae
2026 3294 2104 3332 quod
2119 3295 2175 3331 ipla
2194 3292 2294 3335 habeat
2306 3289 2366 3334 Ca-
2387 3307 2420 3331 R.
2463 3321 2470 3329 ,
2488 3312 2526 3332 m·

1303 3341 1394 3371 strum
1422 3338 1467 3369 del
1494 3337 1663 3371 Hermitage
1690 3336 1723 3366 &
1748 3334 1858 3365 Vallem
1884 3334 1919 3364 de
1946 3332 2052 3369 Lidell,
2078 3342 2147 3362 cum
2173 3330 2369 3368 pertinentiis,
2388 3341 2415 3369 g·
2522 3334 2528 3338 ·

1303 3379 1339 3410 ad
1358 3386 1446 3409 totam
1471 3377 1560 3407 vitam
1586 3375 1666 3412 ipiius
1691 3373 1884 3411 Elizabcthae,
1908 3372 1944 3402 de
1962 3371 2060 3402 Nobis
2077 3371 2109 3400 &
2125 3368 2295 3400 Haeredibus
2314 3377 2370 3399 no·-

1347 3428 1367 3447 is

1306 3418 1398 3494 strEt’,
1418 3455 1447 3484 in
1461 3452 1523 3484 casu
1539 3460 1595 3490 quo
1608 3451 1663 3489 ipsa
1678 3449 1840 3481 Elizabetha
1860 3448 1885 3479 se
1900 3448 2025 3478 Homini
2042 3444 2171 3489 Anglico
2194 3446 2377 3485 maritaverit,

1305 3494 1384 3536 quod
1392 3494 1468 3524 dicta
1483 3491 1613 3522 Castrum
1630 3491 1661 3520 &
1677 3489 1762 3519 Vallis
1775 3489 1867 3518 eidem
1882 3486 2018 3523 Analim,
2036 3485 2107 3515 Viro
2116 3484 2263 3520 praedietae
2278 3484 2374 3515 Eliza-

1307 3534 1410 3570 bethae,
1427 3531 1561 3562 &eidem
1581 3529 1598 3548 ¹*
1618 3527 1840 3564 Eliz'abethae,&
1850 3524 2017 3555 Haeredibus
2029 3523 2064 3553 de
2078 3521 2257 3561 Corporibus
2273 3523 2324 3554 suis
2336 3522 2376 3552 le-
2400 3531 2416 3549 ir
2426 3528 2531 3564 vsu-i.

1308 3572 1411 3610 gitime
1427 3569 1592 3608 procreatis,
1609 3566 1746 3597 Tenenda
1765 3567 1800 3595 de
1817 3564 1925 3599 Nobis,
1945 3563 1978 3593 &
2001 3561 2171 3592 Heredibus
2193 3561 2308 3599 nostris,
2326 3569 2375 3600 per

1309 3610 1493 3647 Homagium
1509 3607 1615 3644 ligeum
1631 3607 1663 3636 &
1679 3604 1867 3639 Fidelitarem,
1886 3609 2080 3637 remanerent,

1347 3649 1383 3680 Et
1397 3648 1416 3678 fi
1432 3647 1519 3677 iidem
1529 3668 1537 3683 ,
1555 3644 1693 3679 Anglicus
1707 3642 1739 3672 &
1754 3640 1970 3677 Eli'Labetha,s1c
1986 3639 2146 3669 adinvicem
2166 3638 2302 3674 Maritati,
2317 3637 2375 3669 sine

1306 3686 1483 3725 Haerede,de
1495 3684 1670 3720 Corporibus
1684 3681 1736 3711 suis
1747 3688 1874 3716 exeunte,
1892 3679 2038 3716 obierunt,
2055 3687 2122 3708 tunc
2138 3677 2226 3713 dista,
2238 3675 2372 3707 Castrum

1311 3728 1345 3759 ὃς
1360 3726 1459 3762 Vallis,
1480 3723 1589 3759 Nobis,
1603 3721 1635 3751 ὃ(
1652 3719 1819 3749 Haeredibus
1834 3716 1950 3754 nostris,
1968 3717 2174 3754 imperpetuum
2191 3723 2378 3751 remanerent,

1312 3774 1396 3804 prout
1408 3766 1435 3794 in
1455 3761 1574 3799 quadam
1591 3757 1756 3795 Indentura,
1774 3757 1843 3786 inter
1858 3754 1925 3786 Nos
1946 3756 1980 3786 &
1993 3755 2080 3793 ipsam
2096 3753 2290 3784 Elizabetham
2306 3763 2378 3783 con—

1313 3804 1409 3835 fecta-
1428 3801 1534 3839 plenius
1549 3797 1726 3832 continetur,
2224 3830 2229 3835 ι

1354 3833 1466 3879 Ac‘jam
1484 3836 1595 3875 praefata
1609 3831 1794 3871 Elizabetha,
1811 3832 1863 3871 Se,
1883 3832 1919 3863 de
1935 3831 2050 3863 Assensu
2070 3829 2183 3867 nostrO,
2201 3829 2309 3860 drlecsto
2323 3828 2381 3859 Va·

1316 3880 1387 3911 letto
1408 3877 1523 3911 nostrO,
1540 3873 1660 3908 Hutzoni
1681 3872 1717 3902 de
1738 3871 1834 3902 Dacre
1858 3871 2000 3910 AngliCO,
2020 3869 2123 3906 Fratri,
2139 3868 2235 3899 dileeti
2249 3869 2282 3899 δε
2297 3866 2385 3898 fidelis

1320 3919 1428 3955 nostri,
1446 3913 1598 3945 Willielmi
1614 3912 1650 3942 de
1666 3910 1781 3949 Dacre,
1798 3910 1984 3946 maritaverit,

1396 3966 1428 3986 os

1356 3957 1413 4026 Ιᾞο
1428 3977 1463 4024 go
1476 3989 1555 4029 quod
1573 3988 1722 4027 praedietus
1735 3987 1845 4025 Hugo,
1862 3986 1941 4022 super
1956 3984 2055 4015 Sancta
2069 3983 2128 4014 Dei
2143 3982 2308 4021 Evangelia,
2323 3991 2387 4025 cor=

1320 4033 1416 4074 potale
1429 4030 1553 4068 praestitit
1565 4029 1779 4059 Sacramentum
1796 4024 1874 4063 quod
1890 4024 1946 4061 ipse
1962 4024 1990 4053 in
2007 4022 2075 4053 Fide
2090 4024 2122 4055 ὃς
2134 4020 2388 4062 Ligeantianostris

1322 4070 1508 4104 inflexibiliter
1524 4069 1662 4106 perpetuo
1678 4066 1775 4103 stabit,
1794 4066 1827 4095 &
1843 4063 1916 4093 bene
1931 4064 1964 4092 &
1977 4061 2092 4091 fideliter
2106 4071 2169 4099 erga
2191 4060 2256 4090 Nos
2277 4060 2309 4090 δε
2331 4056 2393 4102 Po-

1324 4111 1422 4151 pulum
1435 4107 1566 4140 nostrum
1581 4106 1607 4138 se
1624 4115 1719 4145 geret,
1739 4101 1918 4170 &gastrum
1935 4099 2102 4137 praedictum
2118 4099 2193 4130 salvo
2209 4100 2241 4128 ὃς
2256 4096 2351 4127 secure
2360 4094 2395 4125 ad

2389 3110 2467 3143 Arm.
2480 3108 2524 3146 D.

2327 4142 2400 4172 opus
