2561 4251
769 163 880 203 ET
963 163 1232 204 ACTA

47 252 114 284 Ann
132 251 174 282 D.
190 253 360 289 comitibus,
378 247 553 290 Praepositis,
572 248 728 288 Ministris‚
747 249 781 280 &
801 249 935 280 omnibus
947 248 1056 282 Ballivis
1069 249 1103 280 &
1117 248 1256 280 Fidelibus

60 287 77 336 ..¹
83 291 149 332 386.

43 335 100 364 th.¹
109 340 135 358 2.

44 445 80 465 m.
94 445 121 472 9.

35 3140 54 3160 ὓ
76 3143 144 3171 VII.

35 3189 102 3216 534-

191 292 259 330 suis,
277 290 409 322 Salutem.

228 367 484 398 Inspssxmus
516 364 607 396 TEN
620 373 737 396 oREM
772 365 934 396 CARTAE
965 364 1088 395 Domini
1121 364 1252 403 Ricardi,

191 406 317 439 condam
335 407 413 441 Regis
436 401 567 441 Angliae,
587 403 780 442 Progenitoris
801 403 906 442 nostri,
923 403 1031 434 dudum
1053 401 1195 439 Magistro
1217 404 1250 434 &

192 445 334 477 Fratribus
355 442 472 474 Domus
490 441 644 480 Hospitalis
666 443 702 473 de
718 442 889 480 Jherusalem
911 441 1011 479 fatitae,
1035 441 1063 470 in
1104 441 1251 472 uibusdam

193 483 293 515 Literis
312 481 488 519 Parentibus,
507 481 605 520 Sigillo
624 490 681 518 quo
695 482 801 512 utimur
813 482 842 509 in
857 480 1015 518 Burdegalia
1029 479 1063 509 ad
1107 480 1251 510 ontradtus

191 521 374 559 contignatis,
389 522 422 551 &
442 529 540 550 coram
561 518 660 550 Nobis
679 519 710 548 in
726 517 896 550 cancellaria
910 517 1004 548 nostra
1017 517 1162 556 exhibitis,
1181 528 1252 549 con-

192 568 302 591 tentum
319 560 348 591 in
361 560 425 591 haec
440 559 543 596 verba,

226 636 471 673 RIcARnus,
487 634 568 664 Dm
589 641 776 671 GRATla,
792 632 877 663 Rssx
893 632 1161 672 ANGLoRUM,
1180 632 1250 664 Dux

190 673 401 713 Normanniae,
419 672 595 711 Aquitaniae,
612 671 720 702 Comes
742 671 930 711 Andegaviae,
950 673 1192 711 Archiepiscopis,
1210 672 1251 702 E-

190 715 328 752 piscopis,
352 712 527 749 Abbatibus,
549 709 731 749 Comitibus,
750 710 993 748 Vicecomitibus,
1012 710 1181 748 Batonibus,
1202 709 1252 740 Se-

191 753 330 790 nescallis,
344 749 523 790 Justiciariis,
542 749 718 787 PraepofitiS,
737 749 770 779 δε
791 750 924 779 omnibus
944 749 1052 779 Ballivis
1064 749 1096 779 &
1113 749 1252 779 Fidelibus

192 791 244 821 suis
266 792 348 821 totius
370 789 489 826 Terrae,
506 789 539 818 ὃς
560 787 690 818 universis
711 788 813 817 sancite
834 787 934 817 Matris
955 787 1089 817 Eccleliae
1107 787 1198 826 Filiis,
1217 787 1250 817 ad

190 839 262 869 quos
275 827 394 866 praesens
407 826 493 857 Carta
504 827 680 865 pervenerit,
696 826 819 858 Salutem
833 827 861 855 in
874 825 1014 855 Domino.

231 867 332 905 Qam
355 865 526 906 Magnifica,
544 867 630 903 quam
647 864 718 903 jugis
738 865 766 893 in
787 863 929 902 Operibus
948 863 1117 894 sacrosanti&
1136 863 1252 894 Domus

190 904 343 945 Hospitalis
352 904 589 943 Jherosolimitani
603 902 716 941 existat,
730 901 764 932 ad
777 901 974 931 Univerfitatis
987 901 1084 932 vestrae
1098 902 1253 941 Notitiam,

190 953 250 973 non
268 945 359 974 minus
373 944 427 983 ipsa
440 942 616 973 Immensitas
631 940 705 977 Rei,
725 940 811 978 quam
827 940 923 970 Famae
938 939 1030 977 potest
1043 940 1188 970 celebritas
1201 940 1250 970 de-

189 981 314 1020 duxisse,
333 983 410 1020 cujus
429 982 467 1011 rei
487 980 575 1010 fidem
597 978 794 1015 certiffimam,
813 979 840 1008 in
857 978 1106 1017 jherosolimitanis
1128 979 1250 1018 partibus

191 1021 354 1058 constituti,
373 1020 554 1058 propriorum
575 1017 729 1047 oculorum
749 1017 940 1047 testimonium
960 1017 994 1047 ὃς
1013 1018 1179 1054 experientia
1198 1018 1252 1057 ipsa

192 1059 300 1097 fecere,
317 1068 383 1088 nam
399 1066 514 1095 propter
528 1056 667 1087 cotidiana
677 1078 687 1094 ,
705 1065 769 1093 quae
783 1056 891 1086 caeteris
906 1055 1111 1095 Indigentibus,
1129 1056 1161 1086 δε
1176 1057 1251 1102 supra

191 1097 295 1135 fidem,
313 1096 346 1126 &
370 1096 448 1133 super
471 1106 570 1126 omnes
588 1095 669 1135 ipsius
682 1094 798 1124 Domfis
812 1094 968 1131 facultates,
988 1094 1123 1132 Magister
1138 1095 1171 1124 &
1185 1095 1250 1125 Pra-

192 1144 246 1166 tres
266 1135 346 1172 ipfius
365 1133 484 1165 Domus
503 1133 654 1171 Hospitalis
669 1132 885 1171 deJherusalem
898 1132 1093 1163 Exhibuerunt
1108 1132 1250 1173 Subfidia,

190 1174 290 1204 Nobis
310 1182 442 1211 quoque,
460 1173 494 1203 ὃς
517 1173 587 1203 ultra
606 1171 707 1210 Mare,
725 1172 759 1201 ὃς
779 1173 866 1209 citra,
884 1172 943 1202 tam
963 1171 1087 1208 devote,
1108 1172 1249 1210 quamque

191 1211 343 1251 magnifice
365 1235 374 1250 ,
401 1221 435 1242 ut
457 1212 490 1241 &
512 1212 566 1248 ipsa
588 1209 759 1250 Magnitudo
781 1210 982 1240 Subventionis
1000 1210 1180 1252 &obligatae
1198 1212 1248 1242 libi

189 1251 373 1281 conscientiae
393 1249 497 1281 nostr-te
518 1250 660 1279 Indicium
679 1257 754 1279 tanta
775 1248 843 1278 Nos
864 1248 1002 1278 Beneficia
1021 1248 1189 1279 dillimulate
1199 1250 1248 1281 sub

190 1289 382 1319 maonitudine
397 1299 456 1318 non
472 1289 643 1328 permittant.

265 1329 377 1358 uocirca
387 1349 396 1364 ,
415 1327 472 1357 Piis
490 1336 588 1356 eorum
602 1325 733 1363 operibus
749 1323 777 1353 V
779 1324 885 1355 olentes
900 1325 1000 1362 paritet
1015 1326 1043 1354 in
1058 1334 1143 1364 opere
1157 1325 1249 1357 Pieta-

189 1367 223 1396 tis
243 1366 421 1405 respondere,
439 1375 492 1404 pro
515 1365 595 1396 salute
618 1365 732 1394 Animae
746 1363 870 1393 Domini
886 1365 962 1400 Regis
981 1365 1019 1392 Η.
1041 1363 1129 1393 Patris
1145 1365 1248 1403 nostri,

190 1405 224 1434 &
247 1408 372 1434 Dominae
392 1403 501 1441 Re'ginae
522 1404 622 1434 Matris
642 1401 764 1440 nostrae,
783 1403 816 1432 ὃς
839 1401 968 1431 Fratrum
985 1401 1161 1439 nostrorum,
1180 1413 1248 1433 nec-

188 1453 251 1473 non
271 1443 304 1474 &
326 1443 543 1473 Antecefforum
563 1441 724 1472 nostrorum
738 1463 748 1478 ,
780 1440 814 1469 &
834 1439 937 1470 nostrae
953 1462 962 1477 ,
987 1439 1018 1469 D
1030 1448 1164 1470 EDIMU
1176 1450 1187 1470 s
1213 1443 1247 1472 &

188 1481 247 1511 Co
257 1489 280 1512 Ν
291 1491 334 1512 ce
344 1491 356 1512 s
367 1491 379 1512 s
391 1489 438 1511 ΙΜ
448 1490 470 1511 U
479 1491 491 1510 s
513 1481 581 1511 Deo
590 1503 599 1518 ,
622 1481 656 1511 &
672 1480 754 1510 beato
771 1477 897 1517 Johanni
909 1477 1057 1517 Baptistae,
1075 1479 1108 1508 &
1129 1479 1249 1517 supradi-

188 1519 246 1550 ἀπ
273 1519 388 1550 Domui
407 1519 504 1549 saneti
523 1518 659 1557 Johannis
676 1518 711 1547 de
721 1516 892 1555 Jherusalem
902 1539 911 1553 ,
926 1518 960 1547 &
975 1516 1120 1553 Magistro
1135 1518 1168 1548 &
1184 1517 1248 1549 Fra-

188 1559 278 1588 tribus
299 1558 332 1589 &
355 1557 532 1588 Hominibus
547 1557 613 1596 suis,
630 1557 663 1587 &
680 1557 709 1585 in
724 1555 925 1592 Eleemofinis,
938 1565 1002 1593 quae
1019 1557 1058 1586 eis
1071 1555 1143 1586 datae
1159 1557 1192 1587 δε
1207 1557 1248 1587 fa-

187 1597 244 1627 &ae
255 1596 320 1629 ,sunt
334 1596 368 1627 &
383 1604 481 1634 erunt,
498 1597 532 1626 &
547 1597 577 1626 in
593 1595 816 1633 quibuscumque
831 1594 975 1631 adquirere
989 1602 1158 1633 potuerunt,
1174 1595 1205 1625 D
1217 1606 1249 1626 E-

185 1643 215 1666 “D
223 1644 235 1665 1
246 1643 272 1664 M
282 1641 305 1665 U
314 1643 328 1664 9
353 1635 386 1666 &
415 1635 445 1664 in
460 1642 560 1673 puram
582 1645 613 1663 ac
628 1639 784 1672 perpetuam
804 1631 998 1671 Eleemofinam
1023 1632 1052 1663 C
1060 1643 1080 1663 ο
1091 1641 1113 1662 Ν
1123 1643 1139 1663 c
1149 1643 1167 1663 E
1178 1644 1190 1664 s
1200 1643 1212 1664 s
1222 1644 1248 1665 1-

187 1681 251 1704 MU
262 1682 274 1703 s
291 1684 365 1702 omne
381 1672 458 1711 Jus,
474 1683 547 1702 omne
568 1675 740 1708 Dominium,
757 1671 830 1710 quod
845 1671 886 1699 ad
904 1681 950 1700 nos
967 1675 1087 1709 pertinet
1107 1673 1141 1702 &
1162 1675 1250 1712 perti—

187 1721 270 1750 neat,
284 1721 403 1742 omnem
427 1711 615 1749 Potestatem,
636 1720 738 1741 omnes
759 1710 932 1747 Libertates,
950 1710 984 1740 ὅ(
1006 1711 1102 1740 liberas
1120 1709 1249 1742 Consue-

188 1750 313 1787 tudines,
331 1761 397 1789 quas
419 1751 493 1789 regia
515 1749 640 1780 Potestas
662 1748 791 1779 conferre
814 1746 906 1786 potest
929 1749 958 1777 in
980 1750 1129 1786 omnibus,
1149 1758 1179 1780 ut
1202 1751 1249 1781 ha-

187 1789 270 1819 beant
290 1789 323 1819 &
344 1797 455 1819 teneant
466 1798 566 1819 omnes
580 1788 640 1818 Res
656 1788 689 1818 ὃς
703 1787 890 1818 Possesfiones
905 1787 938 1817 &
952 1788 1088 1818 univerfiis
1103 1788 1249 1820 Pertinen-

184 1828 234 1858 tias
248 1827 324 1867 suas,
339 1838 405 1867 quas
418 1829 448 1857 in
464 1827 590 1865 praesenti
605 1825 762 1866 possident,
781 1827 814 1856 ὃς
829 1827 858 1855 in
873 1826 968 1855 futuro
982 1826 1179 1865 possidebunt,
1198 1828 1248 1857 be-

186 1868 226 1896 ne
245 1867 279 1897 &
303 1867 332 1895 in
354 1876 440 1904 pace,
457 1867 560 1904 libere,
577 1867 611 1897 δε
631 1865 739 1902 quiete,
757 1866 882 1906 integre,
898 1863 1037 1904 plenarie,
1055 1866 1088 1895 &
1111 1865 1248 1896 honorifi-

186 1906 241 1942 ce,
260 1906 288 1934 in
307 1904 398 1935 Bosco
413 1906 445 1935 &
462 1904 567 1940 Plano,
587 1905 615 1933 in
631 1903 717 1934 Pratis
730 1904 763 1934 &
778 1903 906 1940 Palcuis,
927 1903 956 1932 in
972 1902 1091 1934 Maricis
1106 1904 1139 1934 &
1153 1904 1247 1935 Pisca-

186 1944 251 1979 riis,
267 1943 296 1972 in
318 1942 438 1974 vivariis
461 1944 494 1973 &
513 1943 559 1973 Sta
580 1943 638 1981 nis,
656 1942 686 1972 in
708 1941 799 1979 Aquis
821 1941 854 1972 &
878 1941 1071 1981 Molendinis,
1087 1944 1114 1972 in
1131 1943 1244 1981 Furnis,

185 1982 220 2013 &
240 1981 343 2019 Feriis,
368 1983 401 2012 ὃς
422 1982 451 2011 in
473 1981 548 2012 Nun
570 1983 639 2019 inis,
663 1981 691 2010 in
713 1980 824 2015 Terris,
851 1979 880 2023 in
901 1979 999 2020 Agris,
1024 1982 1058 2012 &
1080 1980 1195 2019 Vineis,
1214 1983 1244 2012 in

185 2019 343 2058 Cenfibus,
359 2022 392 2051 δε
407 2020 639 2057 Venditionibus,
657 2019 685 2048 in
698 2018 924 2049 Villicationtbus
937 2019 1081 2056 (scilicet)
1099 2021 1132 2051 &
1147 2021 1175 2050 in
1188 2020 1245 2051 La-

184 2059 331 2097 trociniis,
351 2060 384 2090 ὃς
399 2060 427 2088 in
443 2058 538 2096 Raptu
555 2058 728 2094 Mulierum,
748 2058 777 2087 in
794 2056 949 2094 lucendus,
968 2058 1002 2087 δε
1016 2059 1045 2088 in
1061 2058 1245 2098 Multicidiis,

183 2097 215 2126 in
232 2096 351 2136 Paagys,
371 2098 404 2128 ὅ(
419 2097 448 2126 in
467 2096 570 2135 Meris,
587 2097 616 2127 in
631 2096 825 2132 Hominibus,
839 2095 868 2125 in
883 2094 1045 2135 Domibus,
1060 2098 1094 2127 ὃς
1109 2098 1138 2127 in
1155 2097 1244 2128 Men-

183 2135 275 2204 surisV,
287 2138 320 2166 ὃ(
343 2136 372 2164 in
392 2134 577 2175 Civitatibus,
597 2137 626 2165 in
642 2133 786 2173 Castellis,
803 2135 837 2165 &
853 2134 883 2163 in
895 2133 990 2172 Villis,
1008 2136 1037 2165 in
1054 2135 1128 2175 Viis,
1147 2137 1181 2166 ὃς
1196 2146 1244 2167 ex-

182 2181 224 2204 tra
269 2184 305 2204 tas
323 2183 329 2203 τ

223 2211 262 2242 Et
282 2213 318 2243 ita
342 2211 552 2243 Votumos
578 2213 610 2243 &
629 2212 748 2242 firmiter
774 2210 1054 2242 Pafficwmus
1075 2213 1155 2251 quod
1178 2213 1244 2244 Ho-

185 2251 276 2281 mines
299 2250 445 2289 praedic‘ti,
463 2251 559 2281 Sanffi
580 2250 731 2288 Hospitalis
753 2249 788 2280 de
807 2249 996 2288 Jherusalem,
1013 2251 1066 2280 fint
1091 2252 1188 2283 Liberi
1211 2254 1244 2284 &

185 2289 288 2327 Quieti
305 2290 342 2319 de
360 2289 511 2320 Excercitu
526 2291 559 2321 ὃς
578 2289 728 2327 Equitatu,
744 2288 779 2318 de
795 2288 965 2319 Theolonio
981 2290 1014 2319 ὃς
1028 2289 1150 2329 Peagio,
1168 2291 1246 2321 Pon-

182 2328 258 2367 tagio
277 2329 311 2359 &
331 2328 472 2368 Paffagio,
488 2329 521 2359 ὃς
540 2327 686 2367 Homagio
706 2328 738 2358 δε
758 2327 902 2366 Stallagio,
922 2328 955 2358 &
969 2328 1006 2357 de
1019 2330 1151 2359 omnibus
1164 2329 1245 2360 Red-

182 2365 305 2405 ditibus,
323 2367 357 2397 &
379 2367 414 2397 de
435 2367 571 2397 omnibus
590 2367 719 2406 Qerelis
730 2389 739 2403 ,
758 2365 886 2403 Placitis,
905 2366 1039 2406 Auxiliis,
1056 2368 1089 2398 &
1105 2367 1245 2408 Talagiis,

183 2405 218 2435 &
236 2405 272 2435 de
286 2406 420 2436 omnibus
432 2405 655 2443 Operationibus
671 2404 846 2442 Civitatum,
866 2404 1073 2444 Castellorum,
1093 2406 1245 2446 Villarum,

183 2451 214 2472 ut
231 2442 337 2473 Pacern
355 2443 474 2474 habeant
488 2445 518 2474 in
532 2445 665 2475 omnibus
682 2453 688 2472 t
715 2443 837 2473 similiter
851 2443 870 2473 si
884 2443 979 2481 aliquis
992 2443 1157 2475 Hominum
1172 2456 1245 2483 prae-

183 2480 328 2512 dietorum
350 2483 478 2513 Fratrum
502 2482 533 2512 fit
557 2482 751 2513 Immerciatus
774 2490 838 2521 erga
861 2481 946 2520 Nos,
970 2483 1014 2514 vel
1037 2492 1100 2521 erga
1123 2483 1243 2516 Ballivos

186 2520 298 2551 nostros
311 2544 322 2559 ,
351 2531 405 2559 pro
426 2531 603 2560 quacumque
625 2520 714 2551 Causa
730 2543 739 2559 ,
769 2521 815 2550 vel
836 2519 954 2551 Delicto
967 2544 976 2559 ,
1002 2521 1047 2551 vel
1068 2522 1243 2562 Forisfacio,

183 2557 292 2589 Mercia
314 2560 346 2590 &
363 2561 592 2591 Amerciamenta
606 2560 738 2591 Pecunia:
754 2558 895 2596 praedietis
909 2559 1047 2591 Fratribus
1062 2561 1118 2591 fine
1133 2560 1243 2593 dilatio-

181 2606 218 2626 ne
233 2597 399 2629 Reddantur
417 2608 423 2627 ε

222 2634 246 2664 Ρ
256 2646 278 2666 R
289 2646 309 2666 o
319 2646 341 2667 H
352 2647 362 2667 1
373 2646 391 2667 Β
402 2646 419 2666 E
431 2645 454 2666 Μ
465 2646 487 2667 υ
498 2646 510 2667 s
537 2638 620 2667 etiarn
646 2647 681 2666 ne
705 2635 741 2666 de
766 2636 859 2675 aliquo
877 2645 1017 2674 ponantur
1037 2638 1064 2667 in
1084 2637 1240 2678 Placitum,

181 2674 232 2704 nifi
251 2685 348 2706 coram
368 2676 508 2713 praedicitis
527 2675 666 2706 Fratribus
679 2698 688 2713 ,
712 2674 756 2705 vel
772 2684 875 2716 eorum
899 2674 1092 2715 Domesticis,
1116 2677 1241 2716 Ballivis,

182 2713 227 2742 vel
246 2713 435 2745 Servientibus
454 2714 549 2745 saneti
566 2714 694 2753 praedieti
709 2713 860 2753 Hoipitalis
873 2713 1064 2752 Jherusalem3

219 2750 296 2782 Haec
315 2754 412 2783 omnia
433 2752 568 2792 ptaedicta
583 2776 593 2791 ,
617 2753 650 2783 &
671 2761 773 2782 omncs
829 2753 898 2782 xitus
917 2776 926 2790 ,
951 2754 999 2792 qui
1021 2753 1085 2783 inde
1107 2755 1239 2791 proveni-

182 2798 212 2818 re
233 2798 405 2828 potuerunt,
431 2791 732 2822 CONCESSIMUS
753 2790 786 2820 &
847 2799 1154 2829 ONFIRMAMUS,
1170 2803 1238 2823 cum

182 2827 241 2858 aliis
264 2828 451 2860 Libertatibus
470 2831 503 2861 &
526 2829 619 2859 liberis
648 2828 905 2859 Consuetudinibus
927 2829 978 2859 suis
994 2854 1003 2867 ,
1035 2839 1103 2860 cum
1126 2832 1240 2862 univer-

182 2867 217 2897 fis
237 2865 354 2905 Rebus,
378 2867 411 2898 ad
441 2868 678 2906 praenominatam
699 2866 833 2896 Domum
858 2869 891 2897 &
921 2867 1028 2898 Fratres
1044 2869 1077 2899 δε
1097 2869 1239 2901 Homines

181 2904 309 2941 praediffl
323 2905 418 2937 Sancti
434 2906 584 2945 Hospitalis
598 2906 633 2935 de
644 2905 813 2942 jherusalem
830 2906 1047 2945 pertinentibus,
1066 2909 1094 2937 in
1110 2909 1239 2940 universo

181 2943 288 2981 Regno
308 2944 424 2982 nostro,
442 2946 475 2976 ὅτ
498 2946 528 2974 in
549 2952 607 2974 tota
629 2944 719 2973 Terra
741 2943 834 2973 nostra
855 2944 923 2974 ultra
944 2944 1027 2975 Mare
1043 2946 1075 2976 &
1089 2948 1174 2986 citra,
1192 2948 1239 2978 vel

180 2982 356 3021 ubicumque
377 2984 429 3014 sint
445 3007 454 3021 ,
477 2983 563 3013 nichil
586 2982 684 3012 Nobis
704 2981 871 3012 Retinentes
884 3005 893 3020 ,
919 2993 973 3012 nec
994 2983 1179 3023 Haeredibus,
1206 2988 1240 3017 &

179 3020 391 3052 Succefforibus
412 3021 529 3060 nostris,
547 3022 595 3052 nis]
618 3020 817 3051 tantummodo
838 3020 985 3051 Orationes
1006 3023 1038 3053 &
1060 3022 1138 3054 Bona
1152 3024 1239 3062 Spiri-

179 3058 261 3089 tualia
274 3059 432 3100 saepedi&ae
452 3059 570 3091 Domus
586 3060 682 3090 Sanffi
693 3058 832 3097 johannis
844 3059 1024 3098 jherusalem.

619 3136 638 3156 ³³
648 3135 797 3175 Testibus,

731 3216 887 3282 Amilirimd
917 3213 1097 3246 Vicecomite
1129 3216 1166 3247 de

730 3262 1067 3331 Hugonzaiz'ezkrunbellay
1084 3316 1093 3331 ,
1111 3292 1146 3323 de
1169 3292 1240 3324 Mo-

731 3328 881 3404 Joigcrzeizljzg,
903 3365 1056 3404 Praeposito
1068 3368 1103 3397 de
1124 3368 1216 3408 Duay.

731 3403 875 3473 qurfi‘iia’
909 3405 1095 3436 Thesaurario
1121 3407 1157 3437 de
1185 3409 1238 3439 Ci-

182 3215 216 3242 R.
236 3211 431 3250 Lemovicenfi.

185 3250 224 3281 Et
244 3253 284 3280 H.
300 3250 509 3289 Xandtonicnfi,

182 3288 343 3328 Episcopis:

182 3328 305 3356 Radumo
319 3328 350 3356 de
363 3326 480 3356 Retham
489 3349 498 3364 ,

184 3368 227 3395 W
227 3365 333 3394 illielmo
348 3365 380 3394 de
394 3367 478 3402 Ferr‘,

183 3404 296 3432 Roberto
311 3404 342 3432 de
356 3406 527 3441 Haretourt,

183 3441 318 3482 Gaufrido
333 3442 365 3471 de
379 3445 439 3480 Sei,

217 3518 285 3548 Dat.
304 3527 353 3557 per
371 3517 492 3547 Manum
509 3516 653 3547 Willielmi
666 3516 783 3548 Elienfis
805 3518 935 3558 Episcopi
953 3542 962 3556 ,
990 3519 1162 3559 Apostolicae
1189 3523 1238 3553 Se-

179 3556 220 3586 dis
237 3556 354 3599 Legati,
375 3555 539 3599 Cancellarii
554 3556 660 3600 nostri,
679 3557 751 3594 apud
765 3560 888 3596 spiram,
907 3558 1021 3597 Qinto
1038 3558 1094 3589 Die
1104 3560 1240 3601 Januarii,

180 3596 267 3625 Anno
279 3596 393 3633 Qunto
406 3595 502 3634 Regni
515 3594 613 3625 nostri.

258 3671 312 3702 OS
331 3679 444 3709 autem,
462 3674 644 3709 Donationes,
663 3672 850 3711 Conceffiones,
867 3673 900 3704 δε
919 3673 1154 3714 Confirmationem
1170 3685 1240 3712 prae·

273 3710 360 3740 dietas
376 3710 459 3740 Ratas
472 3710 603 3739 habentes
616 3711 649 3740 ὃ(
663 3709 782 3748 Gratas,
800 3711 853 3740 Eas
863 3722 942 3748 ,pro
958 3713 1072 3750 Nobis,
1091 3714 1124 3742 δε
1138 3713 1239 3743 Ηιΐτε-

181 3748 262 3779 dibus
280 3749 394 3786 nostris,
412 3749 591 3787 quantumin
610 3749 692 3777 nobis
713 3748 771 3786 est,
796 3749 918 3780 Dilectis
938 3751 1037 3781 Nobis
1057 3752 1084 3780 in
1108 3750 1241 3788 Christo,

183 3797 260 3817 nunc
274 3787 405 3827 Magistro
417 3786 454 3821 ὠ
471 3786 615 3816 Fratribus
630 3786 696 3815 dicti
710 3787 858 3824 Hospitalis
872 3786 1048 3827 Jerusalem,
1068 3790 1101 3819 <Sc
1122 3790 1240 3820 Succes-

183 3825 288 3856 soribus
302 3826 368 3864 fiiis,
385 3825 667 3855 Conci-:mmm
682 3825 715 3854 ὃς
731 3824 1066 3864 CONFIRMAMUS,
1085 3828 1152 3857 sicut
1169 3827 1239 3858 Car-

185 3870 213 3892 ta
235 3863 367 3900 praedieta
386 3863 582 3894 rationabiliter
601 3862 714 3893 testatur
729 3885 738 3900 ,
765 3864 798 3893 δε
820 3873 904 3902 prout
921 3865 1021 3903 iidem,
1049 3865 1186 3905 Magister
1206 3867 1240 3897 &

186 3900 291 3931 Fratres
302 3902 334 3931 &
349 3902 565 3934 Praedecessores
583 3901 636 3940 sui,
656 3900 716 3931 Res
730 3901 764 3931 &
777 3901 959 3933 Poss'effiones
979 3904 1124 3940 praedietas
1144 3905 1241 3935 haete-

186 3949 238 3968 nus
251 3940 444 3971 rationabiliter
456 3949 619 3977 tenuerunt,
638 3940 671 3970 ὅτ.
686 3940 872 3970 Libertatibus
891 3942 924 3972 ὃς
948 3943 1118 3981 Qietantiis
1139 3943 1240 3983 praedi-

184 3978 235 4008 &is
249 3977 381 4008 haetenus
392 3980 588 4010 rationabiliter
600 3979 638 4008 uli
653 3978 714 4008 sunt
728 3980 761 4009 δε
775 3979 875 4016 gavisi,

222 4014 256 4045 In
269 4016 345 4055 cujus
358 4016 417 4048 Rei
429 4017 643 4050 Testimonium
656 4017 703 4050 has
718 4016 825 4049 Literas
841 4017 948 4050 nostras
967 4019 1027 4052 fieri
1048 4020 1166 4052 fecimus
1188 4020 1243 4053 Pa-

186 4061 292 4091 tentes;

1315 164 1788 206 PUssLicA.
2338 178 2362 221 5

1710 288 1774 319 Hiis
1791 288 1924 320 Testibus
1931 312 1941 327 ,

1334 361 1548 395 Venerabilibus
1563 364 1706 403 Patribus,

1331 401 1367 439 J.
1387 401 1587 442 Archiepifiopo
1601 406 1768 433 Cantnarien
1780 414 1805 441 1,
1822 405 1907 434 totius
1921 402 2035 440 Angliae
2048 401 2186 443 Primam,

1331 441 1375 469 W.
1397 442 1578 481 Wyntonienfi
1591 442 1750 481 Episcopo,
1803 442 1955 474 hesaurario
1970 442 2082 480 nostro,

1330 480 1462 517 Henrico,
1481 478 1600 510 Comite
1622 481 1807 519 Lancastriae,

1332 516 1480 547 Willielmo
1493 518 1524 547 de
1537 517 1651 556 Bohun,
1671 517 1787 550 Comite
1801 519 1836 550 N
1837 518 2052 559 orhamptoniae.

1330 554 1439 584 Thoma
1456 557 1542 585 Wake
1553 556 1589 586 de
1605 556 1710 595 Lydel,

1333 593 1466 631 Johanne
1485 594 1517 623 de
1533 594 1685 633 Moubray,

1331 633 1451 699 {hairda
1464 632 1578 670 Talbot,
1596 633 1752 664 Senescallo
1766 633 1889 674 Hospitii
1904 635 2003 665 nostri.

1361 678 1371 699 t
1386 681 1400 701 a
1411 681 1450 701 us.

1307 783 1322 788 υ
1332 744 1405 776 Data
1419 757 1468 786 per
1483 746 1605 778 Manum
1618 746 1758 786 nostram,
1773 748 1845 789 apud
1862 747 2011 788 Westmona
2035 759 2071 778 er.
2085 748 2194 780 octavo
2208 747 2254 778 die
2269 744 2351 777 Mar-

1292 791 1339 821 tu,
1357 784 1447 815 Anno
1464 785 1561 823 Regni
1584 785 1673 816 nostri
1693 787 1808 824 Angliae
1829 786 1974 818 Vicesimo
2016 788 2142 825 ecundo,
2162 786 2257 826 Regni
2278 787 2352 816 vero

1292 821 1381 851 nostri
1396 823 1419 853 F
1421 825 1522 854 ranciae
1538 824 1641 854 Nono.

1327 900 1382 929 Per
1398 902 1495 968 flreve
1516 901 1547 930 de
1561 904 1677 939 privato
1695 901 1786 939 Sigillo
1801 925 1811 940 ,
1837 901 1875 937 ό·
1890 910 1941 941 pro
1963 906 2076 933 Centum
2095 901 2189 931 Solidis
2202 899 2300 939 filatis
2318 902 2349 931 in

1430 947 1564 978 anaperto.

1331 1013 1459 1054 ITEM,
1474 1017 1557 1046 etiam
1581 1015 1778 1047 Exhibuerunt
1799 1018 1832 1048 &
1855 1016 2092 1048 praesentaverunt
2114 1016 2198 1046 nobis
2220 1014 2348 1054 quasdam

1293 1051 1356 1082 alias
1376 1053 1504 1092 Patentes
1526 1055 1648 1094 Literas,
1685 1065 1714 1085 er
1734 1055 1846 1089 diffitum
1865 1054 2032 1086 Dominum
2053 1054 2200 1092 nostrum,
2223 1053 2347 1083 condam

1293 1089 1407 1130 Regem
1431 1093 1558 1132 Angliae,
1579 1094 1664 1123 Fratri
1688 1104 1716 1123 us
1737 1094 1770 1125 &
1791 1093 1933 1131 Hospitali
1956 1094 2098 1134 praedifiltis
2118 1092 2276 1129 concessas,
2299 1091 2349 1120 suo

1292 1129 1404 1170 Magno
1426 1132 1523 1170 Sigillo
1545 1132 1720 1169 impendenti
1741 1142 1809 1163 cum
1829 1132 1904 1163 Cera
1917 1133 1975 1163 alba
1989 1133 2138 1172 SigillataS,
2156 1140 2276 1170 quarum
2289 1129 2349 1159 Te-

1291 1178 1346 1198 nor
1363 1169 1481 1209 sequitur
1494 1172 1523 1200 in
1538 1171 1595 1202 hoc
1611 1170 1743 1201 modum.

1359 1245 1588 1285 Dwannus,
1607 1247 1664 1277 Dei
1680 1246 1799 1285 Grati-21,
1821 1247 1904 1277 Rex
1931 1247 2115 1277 ANGL1AE
2143 1254 2194 1277 ET
2213 1244 2349 1275 Fam-

1303 1322 1307 1326 ·
1368 1294 1464 1324 CIAE,
1489 1286 1523 1316 ὃ(
1543 1286 1689 1315 Dominus
1707 1285 1872 1324 Hiberniae,
1900 1285 2118 1316 constabulario
2139 1285 2187 1315 suo
2209 1282 2350 1320 Burdega-

1290 1321 1351 1360 hae,
1362 1325 1419 1366 'qui
1445 1334 1522 1354 nunc
1544 1324 1602 1362 est,
1617 1325 1663 1355 vel
1677 1325 1724 1363 qui
1741 1334 1793 1362 pro
1807 1333 1937 1362 tempore
1953 1325 2052 1362 fuerit,
2071 1324 2104 1354 ὃ(
2119 1325 2174 1362 ejus
2190 1322 2349 1352 Locumte-

1289 1369 1368 1390 nenti
1380 1361 1502 1398 ibidem,
1517 1363 1649 1393 Salutem.

1330 1399 1424 1438 Qua,
1440 1400 1536 1431 dileeti
1557 1402 1655 1439 nobis,
1678 1404 1789 1431 Fratres
1803 1400 1949 1439 Hospitalis
1962 1401 2057 1430 sanai
2097 1399 2198 1443 oham-zi
2211 1400 2361 1439 Jherufaffi

1290 1434 1358 1474 lem,
1377 1439 1407 1468 in
1429 1439 1543 1470 Ducatu
1564 1439 1662 1470 nostro
1685 1441 1860 1478 Aquitaniae,
1881 1450 1928 1476 per
1950 1438 2048 1469 Carras
2088 1448 2281 1477 rogenitorum
2296 1449 2351 1469 no-

1291 1474 1430 1515 strotum,
1445 1479 1569 1508 condam
1592 1478 1706 1517 Regum
1728 1478 1855 1517 Angliae,
1874 1479 1907 1508 &
1928 1477 2187 1507 Confirmationem
2209 1478 2352 1515 nostram,

1291 1523 1344 1550 pro
1362 1514 1406 1553 se,
1424 1516 1458 1546 &
1478 1516 1655 1546 Hominibus
1675 1517 1742 1554 suis,
1756 1517 1877 1546 clamant
1899 1517 1999 1546 habere
2013 1516 2130 1546 diversas
2146 1515 2300 1546 Libertates
2315 1516 2350 1546 &²

1293 1552 1483 1592 Qiietantias,
1499 1555 1600 1592 quibus
1619 1555 1686 1594 ipsi,
1704 1556 1737 1585 &
1756 1554 1977 1585 Praedeceffores
1996 1555 2053 1592 sui,
2070 1554 2176 1584 Fratres
2198 1554 2351 1593 Hospitalis

1290 1591 1377 1630 illius,
1395 1602 1409 1622 a
1431 1601 1560 1631 tempore
1574 1591 1774 1623 Confectionis
1789 1592 1935 1622 Cartarum
1951 1593 1984 1622 &
1999 1591 2233 1622 confirmationis
2249 1592 2351 1631 praedi-

1291 1629 1421 1700 }tarutgi,
1436 1641 1488 1670 pro
1508 1631 1562 1670 Se,
1578 1632 1610 1662 &
1630 1630 1807 1662 Hominibus
1821 1630 1870 1661 suis
1883 1630 2041 1669 praedietis,
2058 1630 2097 1661 ufi
2112 1631 2173 1661 sunt
2193 1631 2227 1661 &
2249 1631 2350 1670 gavisi,

1303 1676 1363 1699 1cut
1398 1678 1475 1700 1cunt

1328 1706 1419 1737 Vobis
1442 1693 1614 1739 Mz'tndamus
1633 1709 1759 1746 quatinus
1774 1731 1784 1746 ,
1808 1706 1867 1738 visa
1886 1705 1971 1737 Carta
1993 1705 2089 1737 nostra
2107 1706 2257 1746 prfediehi,
2280 1705 2352 1745 ipsos

1292 1744 1399 1776 Fratres
1416 1747 1603 1777 Libertatibus
1617 1748 1650 1778 ὃς
1667 1747 1839 1785 Quietantiis
1853 1746 2009 1784 praedictis,
2027 1755 2080 1783 pro
2095 1746 2148 1784 Se,
2165 1746 2199 1776 &
2213 1745 2353 1776 Homini-

1292 1784 1343 1814 bus
1365 1784 1416 1815 suis
1458 1786 1591 1824 raediffls,
1609 1786 1713 1823 absque
1735 1786 1774 1816 im
1799 1784 1959 1822 edimento,
1977 1784 2065 1814 uti&
2079 1785 2198 1823 gaudere
2211 1785 2354 1823 permitta-

1291 1823 1341 1859 tis,
1355 1823 1428 1860 juxta
1473 1834 1591 1854 enorem
1604 1823 1754 1855 cartarum
1799 1822 1966 1854 oncessionis
1981 1823 2015 1852 ὃ(
2030 1821 2266 1853 confirmationis
2279 1833 2352 1864 prae-

1290 1860 1432 1892 didiarum
1451 1863 1483 1893 ὃς
1507 1872 1592 1902 prout
1612 1864 1650 1893 eis
1666 1863 1706 1892 uti
1720 1862 1839 1900 debent,
1857 1862 1889 1892 &
1904 1861 1987 1891 iidem
2004 1861 2124 1899 Fratres,
2142 1862 2176 1891 ὃς
2191 1861 2351 1892 Praedeces-

1290 1899 1360 1929 sores
1380 1901 1419 1931 sui
1439 1902 1584 1940 praedicti,
1600 1903 1657 1940 eis,
1674 1911 1690 1931 a
1704 1909 1835 1938 tempore
1850 1899 1984 1938 praediffilo
1998 1899 2155 1939 hucusque,
2173 1908 2225 1939 pro
2241 1900 2295 1938 Se,
2313 1901 2347 1932 &²

1289 1937 1467 1970 Hominibus
1482 1940 1550 1978 suis,
1565 1940 1604 1970 uti
1618 1940 1651 1971 &
1668 1939 1788 1977 gaudete
1803 1938 2015 1969 consueverunt.
2338 1938 2343 1945 '

1324 1976 1393 2008 Dat.
1413 1979 1485 2016 apud
1512 1977 1769 2017 Westmonasterium
1791 1978 1927 2008 vicesimo
1949 1977 1994 2006 die
2018 1975 2155 2014 Augusti,
2175 1975 2264 2007 Anno
2287 1976 2349 2008 Re-

1285 2016 1339 2085 aStni
1362 2016 1450 2047 nostri
1473 2016 1601 2057 Angliae,
1621 2017 1749 2047 Decimo
1770 2015 1884 2054 Nono,
1901 2014 1999 2054 Regni
2019 2016 2089 2045 vero
2112 2013 2201 2044 nostri
2222 2015 2347 2048 Franciae

1307 2063 1380 2086 exto.

1325 2132 1442 2170 Quibus
1463 2133 1578 2172 quidem
1601 2132 1759 2173 Privilegiis
1778 2133 1812 2164 &
1829 2131 1947 2169 Lioeris,
1966 2130 2002 2161 sic
2018 2129 2117 2160 Nobis
2132 2129 2302 2162 Praesentatis
2316 2131 2350 2162 &

1289 2170 1434 2209 exhibitis,
1452 2181 1484 2203 ut
1506 2173 1703 2210 praemittitur,
1730 2181 1780 2211 per
1802 2171 1924 2207 Fratres,
1942 2168 2103 2199 Arnaldum
2124 2169 2157 2199 &
2179 2170 2352 2208 Deodatum,

1288 2209 1338 2246 ipsi
1360 2209 1458 2240 Nobis
1479 2211 1718 2251 supplicaverunt,
1738 2219 1806 2240 curn
1822 2218 1922 2247 magna
1937 2207 2084 2245 instantia,
2099 2215 2130 2237 ut
2145 2207 2221 2237 dieta
2236 2207 2352 2239 Privile-

1288 2248 1331 2286 gia
1346 2249 1378 2278 ὃς
1395 2248 1502 2280 Literas
1513 2249 1681 2280 confirmare
1694 2248 1883 2287 dignaremur.
2341 2271 2343 2273 .

1325 2285 1531 2327 Supplicationi
1552 2297 1673 2328 quorum
1689 2287 1758 2317 Nos
1773 2287 1908 2317 Annuere
1923 2284 2060 2322 volentes,
2079 2284 2121 2314 ob
2134 2283 2350 2324 Devotionem‚

1288 2334 1372 2362 quam
1395 2336 1458 2366 erga
1481 2326 1581 2357 Deum
1602 2326 1766 2356 salvatorem
1785 2324 1932 2362 nostrum,
1951 2324 1984 2354 ὃς
1999 2324 2106 2354 beatam
2121 2322 2268 2361 Virginem
2283 2323 2351 2356 Ma-

1287 2365 1374 2402 riam,
1389 2365 1423 2395 &
1445 2364 1582 2396 Sanetum
1598 2364 1761 2403 Jobannem
1784 2362 1952 2402 Baptistam,
1969 2371 2004 2392 ac
2028 2362 2108 2401 ipsius
2124 2361 2281 2400 Ordinem,
2300 2362 2348 2393 ha-

1288 2402 1388 2432 bemus
1401 2425 1411 2442 ,
1436 2404 1469 2435 &
1495 2404 1536 2434 ob
1565 2403 1768 2434 Reverentiam
1799 2402 1923 2440 ipsorum
1946 2401 1979 2431 δε
2005 2400 2158 2439 Hospitalis
2180 2400 2351 2440 jherusalem

1285 2441 1429 2480 praedisti,
1448 2450 1583 2472 contenta
1605 2442 1703 2471 omnia
1717 2442 1750 2471 ὃς
1766 2441 1867 2479 singula
1882 2440 1911 2468 in
1932 2438 2015 2469 dietis
2038 2439 2207 2479 Privilegiis,
2230 2448 2264 2469 ex
2285 2449 2349 2479 par-

1285 2488 1313 2509 te
1328 2480 1416 2519 regia,
1436 2489 1518 2520 atque
1538 2479 1633 2511 nostra
1654 2479 1798 2510 potestate
1822 2478 1920 2509 Nobis
1933 2477 2012 2515 super
2027 2478 2084 2508 hoc
2108 2477 2243 2516 atributa,
2267 2481 2348 2507 Lau-

1286 2519 1397 2556 damus,
1414 2519 1617 2557 Emologamus,
1637 2522 1834 2557 Acceptamus,
1854 2516 2085 2555 *Approbanms,
2104 2517 2298 2558 Ratificamus,
2312 2518 2346 2548 δε

1285 2556 1480 2595 Confirmamus
1494 2568 1542 2596 per
1556 2557 1718 2595 praesentes,

1325 2595 1458 2626 Volentes
1473 2598 1505 2627 &
1523 2596 1718 2626 Decernentes
1741 2602 1847 2624 tantam
1868 2592 1953 2623 fidem
1977 2593 2013 2622 ab
2030 2593 2166 2623 omnibus
2188 2594 2222 2625 &
2243 2594 2347 2633 ubique

1306 2635 1465 2665 tresentibus
1481 2635 1581 2664 Literis
1593 2633 1692 2664 nostris
1706 2633 1848 2670 adhiberi,
1863 2640 1965 2671 quanta
1979 2641 2047 2661 vero
2069 2631 2207 2672 Originali
2223 2633 2346 2671 ipsorum

1283 2645 1497 2712 Frivilegiorum
1513 2673 1670 2703 Literarum
1683 2671 1878 2710 praedietarum
1890 2670 2066 2700 adhiberetur
2089 2671 2122 2701 &
2146 2671 2272 2701 adhiberi
2287 2672 2349 2711 pos-

1281 2711 1343 2741 sunt
1356 2712 1388 2742 δε
1402 2711 1522 2749 debent,
1541 2712 1722 2750 ubicumque.

1321 2749 1494 2780 Mandantes
1507 2751 1603 2787 vobis,
1622 2750 1654 2779 ὅτ
1671 2747 1798 2780 vestrum
1823 2746 1932 2787 smgulis
1946 2771 1956 2785 ,
1981 2756 2015 2776 ex
2038 2755 2116 2784 parte
2137 2757 2191 2786 qua
2208 2747 2299 2787 supra,
2318 2756 2349 2778 ut

1281 2789 1379 2818 omnia
1393 2789 1426 2818 δε
1442 2789 1562 2826 singula,
1581 2789 1609 2817 in
1624 2788 1676 2817 hiis
1689 2787 1870 2825 praesentibus
1884 2785 1983 2815 Literis
2004 2785 2122 2823 nostris,
2147 2786 2348 2816 inviolabiliter

1280 2827 1472 2864 observantes,
1488 2827 1527 2857 nil
1541 2827 1710 2866 praesumatis
1723 2835 1771 2863 per
1786 2835 1837 2855 vos
1851 2824 1893 2855 vel
1928 2833 1956 2853 er
1970 2824 2056 2853 alium
2070 2825 2100 2853 in
2114 2826 2289 2854 contrarium
2306 2824 2345 2855 fa-

1282 2874 1365 2903 cere,
1385 2866 1428 2896 vel
1445 2867 1529 2896 etiam
1543 2874 1705 2903 attemptare
1719 2872 1837 2903 quoquo
1851 2872 1901 2892 mo
1920 2871 1948 2891 o.

1321 2941 1388 2972 Dat.
1406 2941 1574 2979 Burdegaliae
1594 2940 1643 2971 sub
1663 2940 1759 2978 Sigillo
1778 2941 1856 2978 regio
1877 2937 1979 2969 Officii
2003 2937 2117 2974 nostri,
2142 2937 2278 2968 vicesimo
2299 2937 2343 2969 die

1283 2979 1390 3011 Mensis
1408 2980 1605 3017 Novembris,
1631 2978 1718 3008 Anno
1740 2978 1882 3017 Domini,
1908 2976 2079 3014 Millelimo,
2103 2976 2134 3006 T
2136 2976 2341 3014 1·escentes1mo‚

1282 3018 1490 3067 Septuagelimo
1502 3018 1619 3048 ostavo.

1322 3096 1390 3126 Nos
1403 3104 1494 3126 autem
1512 3094 1706 3124 L1TERAS
1726 3092 2000 3129 PRAEDIcTAs,
2022 3091 2055 3122 &
2069 3092 2165 3122 omnia
2188 3091 2221 3121 ὃ(
2241 3091 2343 3129 singula

1285 3135 1314 3164 in
1329 3136 1365 3164 eis
1378 3134 1533 3167 contenta(
1554 3132 1684 3168 Exceptis
1710 3132 1853 3162 dumtaxat
1874 3130 1922 3159 illis
1941 3130 2048 3167 verbis,
2070 3140 2144 3158 omne
2167 3128 2242 3166 Jus,
2269 3141 2342 3158 omne

1286 3176 1440 3203 Dominium
1460 3171 1531 3212 quod
1549 3171 1588 3199 ad
1614 3172 1673 3198 Nos
1690 3174 1807 3207 pertinet
1828 3167 1866 3202 ὠ·
1882 3168 2038 3206 pertineat)
2066 3167 2138 3197 Rata
2158 3167 2289 3197 habentes
2308 3168 2341 3197 δε

1285 3210 1390 3249 Grata,
1406 3210 1462 3247 Ea,
1482 3219 1534 3247 pro
1548 3209 1661 3244 Nobis,
1680 3210 1713 3239 ὃ(
1728 3207 1897 3238 Hceredibus
1913 3206 2029 3244 nostris,
2046 3215 2180 3244 quantum
2197 3207 2225 3234 in
2244 3205 2342 3235 Nobis

1282 3249 1338 3287 est,
1357 3249 1556 3285 Ratificamus,
1574 3248 1778 3286 Acceptarnus,
1798 3245 2012 3285 Approbamus,
2038 3254 2070 3274 ac
2093 3243 2233 3272 Fratribus
2247 3246 2342 3281 Hqspi-

1281 3287 1346 3317 talis
1355 3288 1494 3326 praedaeti,
1513 3287 1541 3315 in
1557 3285 1673 3316 Ducatu
1686 3285 1784 3314 nostro
1800 3284 1960 3321 Aquitani-x
1974 3306 1983 3320 ,
2003 3283 2168 3312 comedimus
2187 3282 2218 3312 ὃς
2240 3280 2343 3321 Confir-

1280 3337 1401 3363 mamus,
1416 3326 1483 3355 licut
1497 3324 1599 3353 Literae
1615 3324 1756 3362 praeditstae
1770 3323 1965 3352 rationabiliter
1982 3320 2129 3357 testantur,
2151 3322 2183 3350 Sc
2205 3329 2291 3363 prout·
2307 3321 2339 3349 ii-

1281 3364 1346 3394 dem
1363 3365 1467 3394 Fratres
1480 3363 1511 3392 &
1530 3361 1750 3392 Praedeceslores
1764 3362 1802 3391 sui
1819 3360 2021 3395 Libertatibus,
2042 3359 2224 3399 Qiietantiis,
2246 3356 2337 3387 Privi-

1280 3404 1373 3442 legiis,
1393 3404 1425 3433 &c
1440 3400 1697 3431 Consuetudinibus
1709 3400 1848 3437 praedietis
1862 3397 2055 3428 rationabiliter
2070 3402 2107 3425 un
2121 3400 2180 3426 lunt
2197 3398 2229 3427 ὃ(
2244 3397 2335 3434 gaviii.

1317 3442 1350 3472 In
1366 3442 1441 3475 cuius
1459 3441 1518 3469 ἃς.
1985 3473 1989 3478 ·
2048 3473 2051 3476 Ι
2131 3472 2146 3476 ..

1354 3480 1440 3510 Teste
1455 3478 1536 3516 Rege
1550 3476 1623 3517 apud
1640 3474 1909 3515 ufflstrnouasterimn,
1929 3482 2011 3503 tertio
2025 3472 2070 3502 d1e
2080 3471 2156 3510 Julu.

1423 3557 1444 3585 Γ
1448 3565 1476 3584 ro
1492 3556 1590 3583 Deam
1606 3553 1699 3582 Libris
1711 3551 1804 3591 salutis
1819 3554 1848 3580 in
1863 3552 2027 3587 Hanaperio.

1488 3697 1534 3728 De
1559 3691 1804 3728 conventionibus
1819 3703 1886 3724 cum
1905 3692 1991 3724 Duce
2017 3690 2127 3723 Gclri-e.

1282 3790 1428 3854 HAEc
1448 3789 1745 3832 INDENTURA,·
1885 3827 1889 3830 ι
1979 3823 2001 3828 Δ.
2186 3804 2190 3807 t

1414 3829 1436 3858 F
1445 3839 1461 3857 Α
1471 3837 1488 3857 c
1497 3836 1520 3856 'r
1530 3837 1547 3856 Α
1568 3834 1639 3856 inter
1650 3828 1789 3861 Georgzum
1803 3823 1921 3861 Felbrzgg
1938 3822 2061 3853 Militem
2083 3821 2115 3851 &
2130 3819 2289 3858 Johannem
2304 3822 2337 3852 de

1281 3867 1466 3911 Hermfsthorp
1481 3888 1490 3902 ,
1515 3864 1660 3895 Clericum
1674 3888 1683 3900 ,
1708 3864 1920 3901 Procuratores,
1944 3858 2119 3891 Illustriffimi
2140 3858 2232 3889 Pn‘nci
2255 3861 2275 3890 is
2298 3861 2332 3891 &

2373 250 2450 282 Ann.
2461 252 2510 290 Di,

2397 290 2485 330 1386.

2369 330 2421 357 Rio.
2439 338 2466 357 ι,

2365 2534 2461 2564 *VH*

2360 2583 2426 2612 535·

2355 3800 2431 3831 Ann.
2445 3799 2486 3831 D,

2373 3839 2455 3879 1386.

2347 3882 2397 3905 An.
2422 3888 2467 3905 ιο.

1282 3906 1404 3936 Domini
1427 3903 1537 3941 nostri,
1562 3903 1685 3933 Domini
1706 3902 1833 3938 Ricardi,
1858 3900 1915 3931 Dei
1955 3900 2035 3935 tatia,
2059 3901 2136 3934 Regis
2156 3901 2271 3935 Angiae
2292 3898 2330 3934 &
2354 3921 2383 3943 R.
2400 3926 2426 3943 ι.

1282 3948 1402 3974 Franciae
1436 3952 1469 3972 ex
1485 3952 1538 3972 una
1553 3941 1688 3979 Parte,&
1704 3939 1902 3970 Venerabilem

1950 3940 2020 3967 irum
2036 3939 2182 3966 Henricum
2195 3938 2227 3966 de
2241 3941 2334 3982 Steetr-
2352 3957 2440 3982 fram.

1283 3983 1396 4019 bergen,
1410 3966 1596 4019 i³raep0s1tum
1615 3980 1649 4010 &
1671 3977 1912 4009 Archidiaconum
1932 3975 2066 4006 Eccleliae
2080 3975 2177 4006 SanCti
2191 3975 2337 4007 Salvatoris
2360 4001 2399 4019 ,GU
2419 3995 2448 4018 R.
2460 3999 2486 4018 2·

1282 4019 1480 4059 TrajectenliS,
1499 4017 1763 4056 Consanguincum,
1781 4016 1900 4045 Nobilis
1920 4014 2073 4051 Principis,
2094 4012 2254 4052 Willielmi,
2278 4016 2340 4043 Pri-

1285 4061 1406 4097 mogeniti
1421 4055 1584 4096 Juliacrnfis
1593 4079 1603 4095 ,
1619 4058 1702 4087 Ducis
1714 4053 1828 4091 Gelriae,
1837 4054 1869 4084 &
1885 4053 2039 4087 Strenuum
2051 4051 2203 4085 Walterum
2216 4054 2249 4084 de
2266 4055 2342 4081 Ten-

1785 4092 1812 4123 A
1835 4101 1849 4131 3
2282 4099 2351 4121 oren.

2356 4037 2450 4066 mat,
