<?xml version="1.0" encoding="UTF-8"?>
<!DOCTYPE html PUBLIC "-//W3C//DTD XHTML 1.0 Transitional//EN"
    "http://www.w3.org/TR/xhtml1/DTD/xhtml1-transitional.dtd">
<html xmlns="http://www.w3.org/1999/xhtml" xml:lang="en" lang="en">
 <head>
  <title>
</title>
<meta http-equiv="Content-Type" content="text/html;charset=utf-8" />
  <meta name='ocr-system' content='tesseract 3.04.00' />
  <meta name='ocr-capabilities' content='ocr_page ocr_carea ocr_par ocr_line ocrx_word'/>
</head>
<body>
  <div class='ocr_page' id='page_1' title='image "./fderaconventione03ryme_0261.png"; bbox 0 0 2561 4251; ppageno 0'>
   <div class='ocr_carea' id='block_1_1' title="bbox 34 238 173 391">
    <p class='ocr_par' dir='ltr' id='par_1_1' title="bbox 38 238 173 318">
     <span class='ocr_line' id='line_1_1' title="bbox 38 238 173 271; baseline -0.022 -1"><span class='ocrx_word' id='word_1_1' title='bbox 38 239 116 271; x_wconf 79' lang='lat' dir='ltr'>Ann.</span> <span class='ocrx_word' id='word_1_2' title='bbox 128 238 173 269; x_wconf 88' lang='lat' dir='ltr'>D.</span> 
     </span>
     <span class='ocr_line' id='line_1_2' title="bbox 68 280 154 318; baseline 0 -10"><span class='ocrx_word' id='word_1_3' title='bbox 68 280 154 318; x_wconf 81' lang='lat'>1360.</span> 
     </span>
    </p>

    <p class='ocr_par' dir='ltr' id='par_1_2' title="bbox 34 319 152 353">
     <span class='ocr_line' id='line_1_3' title="bbox 34 319 152 353; baseline -0.008 -8"><span class='ocrx_word' id='word_1_4' title='bbox 34 319 152 353; x_wconf 77' lang='lat' dir='ltr'>Edv.3.</span> 
     </span>
    </p>

    <p class='ocr_par' dir='ltr' id='par_1_3' title="bbox 36 358 151 391">
     <span class='ocr_line' id='line_1_4' title="bbox 36 358 151 391; baseline 0.009 -10"><span class='ocrx_word' id='word_1_5' title='bbox 36 358 89 382; x_wconf 74' lang='lat' dir='ltr'>Ait.</span> <span class='ocrx_word' id='word_1_6' title='bbox 108 364 151 391; x_wconf 58' lang='lat'>34.</span> 
     </span>
    </p>
   </div>
   <div class='ocr_carea' id='block_1_2' title="bbox 35 397 138 536">
    <p class='ocr_par' dir='ltr' id='par_1_4' title="bbox 35 397 138 536">
     <span class='ocr_line' id='line_1_5' title="bbox 35 397 111 428; baseline -0.013 -7"><span class='ocrx_word' id='word_1_7' title='bbox 35 397 64 422; x_wconf 83' lang='lat' dir='ltr'>E.</span> <span class='ocrx_word' id='word_1_8' title='bbox 84 402 111 428; x_wconf 84' lang='lat'>3.</span> 
     </span>
     <span class='ocr_line' id='line_1_6' title="bbox 72 430 138 459; baseline 0.015 -2"><span class='ocrx_word' id='word_1_9' title='bbox 72 430 138 459; x_wconf 64' lang='lat' dir='ltr'>Ibit!-</span> 
     </span>
     <span class='ocr_line' id='line_1_7' title="bbox 52 468 136 496; baseline 0.012 -1"><span class='ocrx_word' id='word_1_10' title='bbox 52 468 73 488; x_wconf 65' lang='lat'>²*</span> <span class='ocrx_word' id='word_1_11' title='bbox 84 470 136 496; x_wconf 89' lang='lat' dir='ltr'>v1.</span> 
     </span>
     <span class='ocr_line' id='line_1_8' title="bbox 54 516 116 536; baseline 0 -2"><span class='ocrx_word' id='word_1_12' title='bbox 54 516 116 536; x_wconf 88' lang='lat'>200.</span> 
     </span>
    </p>
   </div>
   <div class='ocr_carea' id='block_1_3' title="bbox 26 1085 159 1268">
    <p class='ocr_par' dir='ltr' id='par_1_5' title="bbox 26 1085 159 1268">
     <span class='ocr_line' id='line_1_9' title="bbox 29 1085 159 1118; baseline -0.015 0"><span class='ocrx_word' id='word_1_13' title='bbox 29 1085 159 1118; x_wconf 90' lang='lat' dir='ltr'>Ann.D.</span> 
     </span>
     <span class='ocr_line' id='line_1_10' title="bbox 49 1126 134 1164; baseline -0.024 -8"><span class='ocrx_word' id='word_1_14' title='bbox 49 1126 134 1164; x_wconf 84' lang='lat'>1360.</span> 
     </span>
     <span class='ocr_line' id='line_1_11' title="bbox 28 1169 159 1201; baseline 0.008 -10"><span class='ocrx_word' id='word_1_15' title='bbox 28 1169 81 1192; x_wconf 69' lang='lat' dir='ltr'>An,</span> <span class='ocrx_word' id='word_1_16' title='bbox 115 1173 159 1201; x_wconf 81' lang='lat'>34.</span> 
     </span>
     <span class='ocr_line' id='line_1_12' title="bbox 26 1207 105 1238; baseline -0.025 -7"><span class='ocrx_word' id='word_1_17' title='bbox 26 1207 59 1231; x_wconf 82' lang='grc' dir='ltr'>Ε.</span> <span class='ocrx_word' id='word_1_18' title='bbox 80 1211 105 1238; x_wconf 86' lang='lat'>3.</span> 
     </span>
     <span class='ocr_line' id='line_1_13' title="bbox 56 1241 120 1268; baseline 0.016 -1"><span class='ocrx_word' id='word_1_19' title='bbox 56 1241 120 1268; x_wconf 79' lang='lat' dir='ltr'>ibid.</span> 
     </span>
    </p>
   </div>
   <div class='ocr_carea' id='block_1_4' title="bbox 22 1961 162 2155">
    <p class='ocr_par' dir='ltr' id='par_1_6' title="bbox 22 1961 162 2155">
     <span class='ocr_line' id='line_1_14' title="bbox 25 1961 158 1995; baseline -0.023 0"><span class='ocrx_word' id='word_1_20' title='bbox 25 1963 102 1995; x_wconf 89' lang='lat' dir='ltr'>Ann.</span> <span class='ocrx_word' id='word_1_21' title='bbox 116 1961 158 1993; x_wconf 84' lang='lat' dir='ltr'>D.</span> 
     </span>
     <span class='ocr_line' id='line_1_15' title="bbox 53 2001 139 2041; baseline 0.012 -9"><span class='ocrx_word' id='word_1_22' title='bbox 53 2001 139 2041; x_wconf 85' lang='lat'>1360.</span> 
     </span>
     <span class='ocr_line' id='line_1_16' title="bbox 23 2045 142 2078; baseline 0.008 -9"><span class='ocrx_word' id='word_1_23' title='bbox 23 2045 76 2069; x_wconf 79' lang='lat' dir='ltr'>Ari.</span> <span class='ocrx_word' id='word_1_24' title='bbox 96 2051 142 2078; x_wconf 77' lang='lat'>34.</span> 
     </span>
     <span class='ocr_line' id='line_1_17' title="bbox 23 2084 99 2116; baseline -0.013 -9"><span class='ocrx_word' id='word_1_25' title='bbox 23 2084 55 2107; x_wconf 85' lang='grc' dir='ltr'>Ε.</span> <span class='ocrx_word' id='word_1_26' title='bbox 73 2089 99 2116; x_wconf 85' lang='lat'>3.</span> 
     </span>
     <span class='ocr_line' id='line_1_18' title="bbox 22 2122 162 2155; baseline -0.007 -9"><span class='ocrx_word' id='word_1_27' title='bbox 22 2122 162 2155; x_wconf 75' lang='lat' dir='ltr'>Franc.34·</span> 
     </span>
    </p>
   </div>
   <div class='ocr_carea' id='block_1_5' title="bbox 22 2160 136 2221">
    <p class='ocr_par' dir='ltr' id='par_1_7' title="bbox 22 2160 136 2221">
     <span class='ocr_line' id='line_1_19' title="bbox 22 2160 136 2221; baseline 0.026 -38"><span class='ocrx_word' id='word_1_28' title='bbox 22 2160 136 2221; x_wconf 45' lang='lat' dir='ltr'>{qam</span> 
     </span>
    </p>
   </div>
   <div class='ocr_carea' id='block_1_6' title="bbox 771 156 1225 199">
    <p class='ocr_par' dir='ltr' id='par_1_8' title="bbox 771 156 1225 199">
     <span class='ocr_line' id='line_1_20' title="bbox 771 156 1225 199; baseline 0.004 -2"><span class='ocrx_word' id='word_1_29' title='bbox 771 156 882 197; x_wconf 89' lang='lat' dir='ltr'>ET</span> <span class='ocrx_word' id='word_1_30' title='bbox 968 158 1225 199; x_wconf 90' lang='lat' dir='ltr'><strong>ACTA</strong></span> 
     </span>
    </p>
   </div>
   <div class='ocr_carea' id='block_1_7' title="bbox 232 324 1202 372">
    <p class='ocr_par' dir='ltr' id='par_1_9' title="bbox 232 324 1202 372">
     <span class='ocr_line' id='line_1_21' title="bbox 232 324 1202 372; baseline 0.001 -13"><span class='ocrx_word' id='word_1_31' title='bbox 232 328 254 349; x_wconf 60' lang='lat'>*</span> <span class='ocrx_word' id='word_1_32' title='bbox 278 329 337 360; x_wconf 86' lang='lat' dir='ltr'>Pro</span> <span class='ocrx_word' id='word_1_33' title='bbox 360 327 490 358; x_wconf 78' lang='lat' dir='ltr'>Domino</span> <span class='ocrx_word' id='word_1_34' title='bbox 512 324 548 358; x_wconf 82' lang='lat' dir='ltr'>de</span> <span class='ocrx_word' id='word_1_35' title='bbox 571 326 706 360; x_wconf 87' lang='lat' dir='ltr'>Dervall</span> <span class='ocrx_word' id='word_1_36' title='bbox 716 353 726 369; x_wconf 90' lang='lat'>,</span> <span class='ocrx_word' id='word_1_37' title='bbox 750 326 786 359; x_wconf 84' lang='lat' dir='ltr'>de</span> <span class='ocrx_word' id='word_1_38' title='bbox 810 329 946 359; x_wconf 74' lang='lat' dir='ltr'>Licentia</span> <span class='ocrx_word' id='word_1_39' title='bbox 970 327 1202 372; x_wconf 76' lang='lat' dir='ltr'><em>transfretandi.</em></span> 
     </span>
    </p>
   </div>
   <div class='ocr_carea' id='block_1_8' title="bbox 181 409 1252 832">
    <p class='ocr_par' dir='ltr' id='par_1_10' title="bbox 244 409 1252 488">
     <span class='ocr_line' id='line_1_22' title="bbox 244 409 1252 452; baseline 0.002 -11"><span class='ocrx_word' id='word_1_40' title='bbox 244 409 269 441; x_wconf 91' lang='lat' dir='ltr'>E</span> <span class='ocrx_word' id='word_1_41' title='bbox 279 410 309 441; x_wconf 88' lang='lat' dir='ltr'>X</span> <span class='ocrx_word' id='word_1_42' title='bbox 328 410 457 441; x_wconf 75' lang='lat' dir='ltr'>universis</span> <span class='ocrx_word' id='word_1_43' title='bbox 473 411 507 442; x_wconf 64' lang='grc' dir='ltr'>ὃς</span> <span class='ocrx_word' id='word_1_44' title='bbox 524 410 637 447; x_wconf 85' lang='lat' dir='ltr'>singulis</span> <span class='ocrx_word' id='word_1_45' title='bbox 648 410 819 441; x_wconf 87' lang='lat' dir='ltr'>Custodibus</span> <span class='ocrx_word' id='word_1_46' title='bbox 835 410 972 451; x_wconf 73' lang='lat' dir='ltr'>Pasiagii,</span> <span class='ocrx_word' id='word_1_47' title='bbox 989 413 1017 442; x_wconf 93' lang='lat' dir='ltr'>in</span> <span class='ocrx_word' id='word_1_48' title='bbox 1031 413 1252 452; x_wconf 86' lang='lat' dir='ltr'>quibuscumque</span> 
     </span>
     <span class='ocr_line' id='line_1_23' title="bbox 261 448 911 488; baseline 0 -10"><span class='ocrx_word' id='word_1_49' title='bbox 261 448 401 479; x_wconf 87' lang='lat' dir='ltr'>Portubus</span> <span class='ocrx_word' id='word_1_50' title='bbox 415 448 509 488; x_wconf 82' lang='lat' dir='ltr'>Regni</span> <span class='ocrx_word' id='word_1_51' title='bbox 524 449 610 479; x_wconf 89' lang='lat' dir='ltr'>nostri</span> <span class='ocrx_word' id='word_1_52' title='bbox 626 449 757 487; x_wconf 76' lang='lat' dir='ltr'>Angliae,</span> <span class='ocrx_word' id='word_1_53' title='bbox 777 449 911 480; x_wconf 84' lang='lat' dir='ltr'>Salutem.</span> 
     </span>
    </p>

    <p class='ocr_par' dir='ltr' id='par_1_11' title="bbox 181 486 1251 595">
     <span class='ocr_line' id='line_1_24' title="bbox 224 486 1251 527; baseline 0.001 -10"><span class='ocrx_word' id='word_1_54' title='bbox 224 487 304 526; x_wconf 86' lang='lat' dir='ltr'>Qia</span> <span class='ocrx_word' id='word_1_55' title='bbox 317 487 463 517; x_wconf 87' lang='lat' dir='ltr'>Dominus</span> <span class='ocrx_word' id='word_1_56' title='bbox 482 487 517 517; x_wconf 90' lang='lat' dir='ltr'>de</span> <span class='ocrx_word' id='word_1_57' title='bbox 531 486 652 523; x_wconf 80' lang='lat' dir='ltr'>Derval,</span> <span class='ocrx_word' id='word_1_58' title='bbox 670 486 837 517; x_wconf 79' lang='lat' dir='ltr'>Priionarius</span> <span class='ocrx_word' id='word_1_59' title='bbox 850 487 957 525; x_wconf 89' lang='lat' dir='ltr'>noster,</span> <span class='ocrx_word' id='word_1_60' title='bbox 975 488 1177 520; x_wconf 72' lang='lat' dir='ltr'>&amp;Familiares</span> <span class='ocrx_word' id='word_1_61' title='bbox 1193 489 1231 519; x_wconf 92' lang='lat' dir='ltr'>sui</span> <span class='ocrx_word' id='word_1_62' title='bbox 1241 511 1251 527; x_wconf 92' lang='lat'>,</span> 
     </span>
     <span class='ocr_line' id='line_1_25' title="bbox 181 525 1251 594; baseline 0.003 -39"><span class='ocrx_word' id='word_1_63' title='bbox 181 525 239 594; x_wconf 47' lang='lat' dir='ltr'>faelst</span> <span class='ocrx_word' id='word_1_64' title='bbox 242 533 331 570; x_wconf 77' lang='lat' dir='ltr'>partes</span> <span class='ocrx_word' id='word_1_65' title='bbox 352 525 495 564; x_wconf 77' lang='lat' dir='ltr'>Franciae,</span> <span class='ocrx_word' id='word_1_66' title='bbox 510 535 544 556; x_wconf 85' lang='lat' dir='ltr'>ex</span> <span class='ocrx_word' id='word_1_67' title='bbox 565 525 646 555; x_wconf 90' lang='lat' dir='ltr'>certis</span> <span class='ocrx_word' id='word_1_68' title='bbox 666 525 768 563; x_wconf 88' lang='lat' dir='ltr'>causis,</span> <span class='ocrx_word' id='word_1_69' title='bbox 788 525 825 556; x_wconf 90' lang='lat' dir='ltr'>de</span> <span class='ocrx_word' id='word_1_70' title='bbox 846 526 973 557; x_wconf 82' lang='lat' dir='ltr'>Licentia</span> <span class='ocrx_word' id='word_1_71' title='bbox 987 527 1094 566; x_wconf 82' lang='lat' dir='ltr'>nostra,</span> <span class='ocrx_word' id='word_1_72' title='bbox 1109 527 1170 558; x_wconf 91' lang='lat' dir='ltr'>sunt</span> <span class='ocrx_word' id='word_1_73' title='bbox 1183 537 1251 565; x_wconf 86' lang='lat' dir='ltr'>pro-</span> 
     </span>
     <span class='ocr_line' id='line_1_26' title="bbox 193 574 282 595; baseline -0.022 0"><span class='ocrx_word' id='word_1_74' title='bbox 193 575 209 595; x_wconf 91' lang='lat' dir='ltr'>e</span> <span class='ocrx_word' id='word_1_75' title='bbox 241 574 282 594; x_wconf 91' lang='lat' dir='ltr'>uri</span> 
     </span>
    </p>

    <p class='ocr_par' dir='ltr' id='par_1_12' title="bbox 181 586 1248 792">
     <span class='ocr_line' id='line_1_27' title="bbox 222 586 1248 642; baseline -0.001 -9"><span class='ocrx_word' id='word_1_76' title='bbox 222 586 313 633; x_wconf 78' lang='lat' dir='ltr'>Vob’is</span> <span class='ocrx_word' id='word_1_77' title='bbox 328 601 493 633; x_wconf 86' lang='lat' dir='ltr'>mandamus</span> <span class='ocrx_word' id='word_1_78' title='bbox 506 600 586 639; x_wconf 79' lang='lat' dir='ltr'>quod</span> <span class='ocrx_word' id='word_1_79' title='bbox 600 600 704 639; x_wconf 85' lang='lat' dir='ltr'>ipsum,</span> <span class='ocrx_word' id='word_1_80' title='bbox 723 612 792 632; x_wconf 89' lang='lat' dir='ltr'>cum</span> <span class='ocrx_word' id='word_1_81' title='bbox 807 601 996 633; x_wconf 83' lang='lat' dir='ltr'>Familiaribus</span> <span class='ocrx_word' id='word_1_82' title='bbox 1019 604 1069 634; x_wconf 87' lang='lat' dir='ltr'>suis</span> <span class='ocrx_word' id='word_1_83' title='bbox 1089 603 1248 642; x_wconf 65' lang='lat' dir='ltr'>praedietis,</span> 
     </span>
     <span class='ocr_line' id='line_1_28' title="bbox 183 640 1247 680; baseline 0 -9"><span class='ocrx_word' id='word_1_84' title='bbox 183 649 252 671; x_wconf 89' lang='lat' dir='ltr'>cum</span> <span class='ocrx_word' id='word_1_85' title='bbox 265 640 300 671; x_wconf 89' lang='lat' dir='ltr'>ad</span> <span class='ocrx_word' id='word_1_86' title='bbox 312 640 433 680; x_wconf 88' lang='lat' dir='ltr'>aliquem</span> <span class='ocrx_word' id='word_1_87' title='bbox 454 640 593 669; x_wconf 88' lang='lat' dir='ltr'>Portuum</span> <span class='ocrx_word' id='word_1_88' title='bbox 616 640 835 678; x_wconf 65' lang='lat' dir='ltr'>praedietorum,</span> <span class='ocrx_word' id='word_1_89' title='bbox 853 641 933 671; x_wconf 69' lang='lat' dir='ltr'>causa</span> <span class='ocrx_word' id='word_1_90' title='bbox 952 640 1179 677; x_wconf 85' lang='lat' dir='ltr'>Transfretandi,</span> <span class='ocrx_word' id='word_1_91' title='bbox 1196 640 1247 671; x_wconf 85' lang='lat' dir='ltr'>de-</span> 
     </span>
     <span class='ocr_line' id='line_1_29' title="bbox 182 677 1247 717; baseline 0 -9"><span class='ocrx_word' id='word_1_92' title='bbox 182 679 365 716; x_wconf 89' lang='lat' dir='ltr'>clinaverint,</span> <span class='ocrx_word' id='word_1_93' title='bbox 382 679 411 708; x_wconf 92' lang='lat' dir='ltr'>in</span> <span class='ocrx_word' id='word_1_94' title='bbox 425 677 529 708; x_wconf 90' lang='lat' dir='ltr'>eodem</span> <span class='ocrx_word' id='word_1_95' title='bbox 544 677 648 716; x_wconf 87' lang='lat' dir='ltr'>Portu,</span> <span class='ocrx_word' id='word_1_96' title='bbox 665 678 766 716; x_wconf 87' lang='lat' dir='ltr'>absque</span> <span class='ocrx_word' id='word_1_97' title='bbox 780 678 991 716; x_wconf 82' lang='lat' dir='ltr'>Impedimento</span> <span class='ocrx_word' id='word_1_98' title='bbox 1010 680 1119 717; x_wconf 77' lang='lat' dir='ltr'>aliquo,</span> <span class='ocrx_word' id='word_1_99' title='bbox 1137 678 1247 708; x_wconf 88' lang='lat' dir='ltr'>transire</span> 
     </span>
     <span class='ocr_line' id='line_1_30' title="bbox 181 715 1248 755; baseline -0.002 -8"><span class='ocrx_word' id='word_1_100' title='bbox 181 717 363 754; x_wconf 69' lang='lat' dir='ltr'>permittatis,</span> <span class='ocrx_word' id='word_1_101' title='bbox 376 716 470 752; x_wconf 79' lang='lat' dir='ltr'>aliquo</span> <span class='ocrx_word' id='word_1_102' title='bbox 482 715 622 747; x_wconf 88' lang='lat' dir='ltr'>Mandato</span> <span class='ocrx_word' id='word_1_103' title='bbox 639 716 753 755; x_wconf 87' lang='lat' dir='ltr'>nostro,</span> <span class='ocrx_word' id='word_1_104' title='bbox 773 717 853 748; x_wconf 89' lang='lat' dir='ltr'>vobis</span> <span class='ocrx_word' id='word_1_105' title='bbox 873 717 940 747; x_wconf 77' lang='lat' dir='ltr'>inde</span> <span class='ocrx_word' id='word_1_106' title='bbox 961 718 990 745; x_wconf 94' lang='lat' dir='ltr'>in</span> <span class='ocrx_word' id='word_1_107' title='bbox 1013 717 1184 747; x_wconf 87' lang='lat' dir='ltr'>contrarium</span> <span class='ocrx_word' id='word_1_108' title='bbox 1203 715 1248 746; x_wconf 92' lang='lat' dir='ltr'>di-</span> 
     </span>
     <span class='ocr_line' id='line_1_31' title="bbox 184 754 512 792; baseline -0.006 -6"><span class='ocrx_word' id='word_1_109' title='bbox 184 755 279 792; x_wconf 65' lang='lat' dir='ltr'>recto,</span> <span class='ocrx_word' id='word_1_110' title='bbox 298 764 359 784; x_wconf 92' lang='lat' dir='ltr'>non</span> <span class='ocrx_word' id='word_1_111' title='bbox 373 754 512 785; x_wconf 87' lang='lat' dir='ltr'>obstante.</span> 
     </span>
    </p>

    <p class='ocr_par' dir='ltr' id='par_1_13' title="bbox 218 790 1248 832">
     <span class='ocr_line' id='line_1_32' title="bbox 218 790 1248 832; baseline -0.003 -8"><span class='ocrx_word' id='word_1_112' title='bbox 218 792 306 826; x_wconf 88' lang='lat' dir='ltr'>Teste</span> <span class='ocrx_word' id='word_1_113' title='bbox 320 792 403 832; x_wconf 84' lang='lat' dir='ltr'>Rege</span> <span class='ocrx_word' id='word_1_114' title='bbox 422 792 495 831; x_wconf 88' lang='lat' dir='ltr'>apud</span> <span class='ocrx_word' id='word_1_115' title='bbox 510 790 812 829; x_wconf 89' lang='lat' dir='ltr'>Westmonasterium,</span> <span class='ocrx_word' id='word_1_116' title='bbox 831 791 948 822; x_wconf 88' lang='lat' dir='ltr'>decimo</span> <span class='ocrx_word' id='word_1_117' title='bbox 966 790 1073 822; x_wconf 60' lang='lat' dir='ltr'>octavo</span> <span class='ocrx_word' id='word_1_118' title='bbox 1095 791 1141 822; x_wconf 90' lang='lat' dir='ltr'>die</span> <span class='ocrx_word' id='word_1_119' title='bbox 1158 791 1248 831; x_wconf 86' lang='lat' dir='ltr'>Junii.</span> 
     </span>
    </p>
   </div>
   <div class='ocr_carea' id='block_1_9' title="bbox 876 867 1137 906">
    <p class='ocr_par' dir='ltr' id='par_1_14' title="bbox 876 867 1137 906">
     <span class='ocr_line' id='line_1_33' title="bbox 876 867 1137 906; baseline 0.008 -10"><span class='ocrx_word' id='word_1_120' title='bbox 876 867 931 897; x_wconf 89' lang='lat' dir='ltr'>Per</span> <span class='ocrx_word' id='word_1_121' title='bbox 944 867 1026 906; x_wconf 73' lang='lat' dir='ltr'>ipficm</span> <span class='ocrx_word' id='word_1_122' title='bbox 1033 869 1137 906; x_wconf 77' lang='lat' dir='ltr'>Regem.</span> 
     </span>
    </p>
   </div>
   <div class='ocr_carea' id='block_1_10' title="bbox 421 994 1001 1043">
    <p class='ocr_par' dir='ltr' id='par_1_15' title="bbox 421 994 1001 1043">
     <span class='ocr_line' id='line_1_34' title="bbox 421 994 1001 1043; baseline -0.005 -10"><span class='ocrx_word' id='word_1_123' title='bbox 421 1002 481 1033; x_wconf 87' lang='lat' dir='ltr'>Pro</span> <span class='ocrx_word' id='word_1_124' title='bbox 503 997 573 1031; x_wconf 80' lang='lat' dir='ltr'>aliis</span> <span class='ocrx_word' id='word_1_125' title='bbox 595 994 631 1029; x_wconf 82' lang='lat' dir='ltr'>de</span> <span class='ocrx_word' id='word_1_126' title='bbox 656 998 788 1030; x_wconf 82' lang='lat' dir='ltr'>Francia</span> <span class='ocrx_word' id='word_1_127' title='bbox 812 996 1001 1043; x_wconf 70' lang='lat' dir='ltr'>Prisbnariis.</span> 
     </span>
    </p>
   </div>
   <div class='ocr_carea' id='block_1_11' title="bbox 178 1080 1244 1277">
    <p class='ocr_par' dir='ltr' id='par_1_16' title="bbox 178 1080 1244 1240">
     <span class='ocr_line' id='line_1_35' title="bbox 178 1080 1244 1141; baseline -0.005 -23"><span class='ocrx_word' id='word_1_128' title='bbox 178 1084 394 1141; x_wconf 85' lang='lat' dir='ltr'>MArescallus</span> <span class='ocrx_word' id='word_1_129' title='bbox 406 1083 443 1115; x_wconf 89' lang='lat' dir='ltr'>de</span> <span class='ocrx_word' id='word_1_130' title='bbox 459 1082 645 1120; x_wconf 89' lang='lat' dir='ltr'>Dodenham‚</span> <span class='ocrx_word' id='word_1_131' title='bbox 663 1080 831 1113; x_wconf 88' lang='lat' dir='ltr'>Prisonarius</span> <span class='ocrx_word' id='word_1_132' title='bbox 846 1081 947 1121; x_wconf 87' lang='lat' dir='ltr'>Regis,</span> <span class='ocrx_word' id='word_1_133' title='bbox 963 1082 1047 1113; x_wconf 87' lang='lat' dir='ltr'>habet</span> <span class='ocrx_word' id='word_1_134' title='bbox 1063 1082 1168 1114; x_wconf 85' lang='lat' dir='ltr'>Literas</span> <span class='ocrx_word' id='word_1_135' title='bbox 1182 1082 1244 1113; x_wconf 89' lang='lat' dir='ltr'>Re-</span> 
     </span>
     <span class='ocr_line' id='line_1_36' title="bbox 260 1118 1244 1162; baseline -0.003 -8"><span class='ocrx_word' id='word_1_136' title='bbox 260 1125 303 1162; x_wconf 88' lang='lat' dir='ltr'>gis</span> <span class='ocrx_word' id='word_1_137' title='bbox 315 1124 352 1154; x_wconf 92' lang='lat' dir='ltr'>de</span> <span class='ocrx_word' id='word_1_138' title='bbox 366 1121 538 1160; x_wconf 66' lang='lat' dir='ltr'>Conduetu,</span> <span class='ocrx_word' id='word_1_139' title='bbox 554 1120 647 1152; x_wconf 92' lang='lat' dir='ltr'>eundo</span> <span class='ocrx_word' id='word_1_140' title='bbox 662 1119 697 1150; x_wconf 92' lang='lat' dir='ltr'>ad</span> <span class='ocrx_word' id='word_1_141' title='bbox 710 1118 803 1151; x_wconf 87' lang='lat' dir='ltr'>Partes</span> <span class='ocrx_word' id='word_1_142' title='bbox 817 1120 841 1151; x_wconf 93' lang='lat' dir='ltr'>F</span> <span class='ocrx_word' id='word_1_143' title='bbox 841 1122 959 1158; x_wconf 86' lang='lat' dir='ltr'>ranciae,</span> <span class='ocrx_word' id='word_1_144' title='bbox 978 1130 1045 1152; x_wconf 91' lang='lat' dir='ltr'>cum</span> <span class='ocrx_word' id='word_1_145' title='bbox 1062 1121 1244 1160; x_wconf 80' lang='lat' dir='ltr'>Qadragin-</span> 
     </span>
     <span class='ocr_line' id='line_1_37' title="bbox 178 1158 1244 1202; baseline -0.003 -9"><span class='ocrx_word' id='word_1_146' title='bbox 178 1170 206 1194; x_wconf 85' lang='lat' dir='ltr'>ta</span> <span class='ocrx_word' id='word_1_147' title='bbox 221 1162 367 1202; x_wconf 89' lang='lat' dir='ltr'>Equitibus</span> <span class='ocrx_word' id='word_1_148' title='bbox 378 1161 415 1192; x_wconf 93' lang='lat' dir='ltr'>de</span> <span class='ocrx_word' id='word_1_149' title='bbox 428 1160 576 1191; x_wconf 88' lang='lat' dir='ltr'>Comitiva</span> <span class='ocrx_word' id='word_1_150' title='bbox 591 1158 652 1196; x_wconf 86' lang='lat' dir='ltr'>sua,</span> <span class='ocrx_word' id='word_1_151' title='bbox 669 1159 703 1189; x_wconf 91' lang='lat'>&amp;</span> <span class='ocrx_word' id='word_1_152' title='bbox 715 1158 816 1189; x_wconf 80' lang='lat' dir='ltr'>exinde</span> <span class='ocrx_word' id='word_1_153' title='bbox 832 1159 862 1188; x_wconf 90' lang='lat' dir='ltr'>in</span> <span class='ocrx_word' id='word_1_154' title='bbox 879 1159 1011 1198; x_wconf 85' lang='lat' dir='ltr'>Angliam</span> <span class='ocrx_word' id='word_1_155' title='bbox 1025 1159 1185 1198; x_wconf 85' lang='lat' dir='ltr'>redeundo,</span> <span class='ocrx_word' id='word_1_156' title='bbox 1201 1159 1244 1190; x_wconf 89' lang='lat' dir='ltr'>us-</span> 
     </span>
     <span class='ocr_line' id='line_1_38' title="bbox 178 1196 1138 1240; baseline -0.003 -9"><span class='ocrx_word' id='word_1_157' title='bbox 178 1209 232 1240; x_wconf 81' lang='lat' dir='ltr'>que</span> <span class='ocrx_word' id='word_1_158' title='bbox 247 1200 281 1231; x_wconf 93' lang='lat' dir='ltr'>ad</span> <span class='ocrx_word' id='word_1_159' title='bbox 296 1199 408 1231; x_wconf 89' lang='lat' dir='ltr'>Festum</span> <span class='ocrx_word' id='word_1_160' title='bbox 422 1198 519 1230; x_wconf 69' lang='lat' dir='ltr'>Sanffi</span> <span class='ocrx_word' id='word_1_161' title='bbox 534 1197 686 1228; x_wconf 85' lang='lat' dir='ltr'>Michaelis</span> <span class='ocrx_word' id='word_1_162' title='bbox 701 1197 837 1236; x_wconf 76' lang='lat' dir='ltr'>proximo</span> <span class='ocrx_word' id='word_1_163' title='bbox 850 1196 975 1228; x_wconf 90' lang='lat' dir='ltr'>futurum</span> <span class='ocrx_word' id='word_1_164' title='bbox 989 1197 1138 1229; x_wconf 82' lang='lat' dir='ltr'>duraturas.</span> 
     </span>
    </p>

    <p class='ocr_par' dir='ltr' id='par_1_17' title="bbox 214 1235 1011 1277">
     <span class='ocr_line' id='line_1_39' title="bbox 214 1235 1011 1277; baseline -0.006 -7"><span class='ocrx_word' id='word_1_165' title='bbox 214 1238 282 1271; x_wconf 88' lang='lat' dir='ltr'>Dat.</span> <span class='ocrx_word' id='word_1_166' title='bbox 300 1238 374 1277; x_wconf 86' lang='lat' dir='ltr'>apud</span> <span class='ocrx_word' id='word_1_167' title='bbox 386 1235 676 1270; x_wconf 80' lang='lat' dir='ltr'>westmonasterium</span> <span class='ocrx_word' id='word_1_168' title='bbox 684 1257 695 1274; x_wconf 86' lang='lat'>,</span> <span class='ocrx_word' id='word_1_169' title='bbox 714 1235 851 1267; x_wconf 82' lang='lat' dir='ltr'>vicesimo</span> <span class='ocrx_word' id='word_1_170' title='bbox 865 1235 912 1267; x_wconf 88' lang='lat' dir='ltr'>die</span> <span class='ocrx_word' id='word_1_171' title='bbox 922 1236 1011 1275; x_wconf 86' lang='lat' dir='ltr'>Junii.</span> 
     </span>
    </p>
   </div>
   <div class='ocr_carea' id='block_1_12' title="bbox 221 1311 1206 1429">
    <p class='ocr_par' dir='ltr' id='par_1_18' title="bbox 221 1311 1206 1429">
     <span class='ocr_line' id='line_1_40' title="bbox 884 1311 1162 1352; baseline 0 -10"><span class='ocrx_word' id='word_1_172' title='bbox 884 1314 938 1343; x_wconf 91' lang='lat' dir='ltr'>Per</span> <span class='ocrx_word' id='word_1_173' title='bbox 956 1311 1039 1352; x_wconf 70' lang='lat' dir='ltr'>ipficm</span> <span class='ocrx_word' id='word_1_174' title='bbox 1055 1315 1162 1351; x_wconf 81' lang='lat' dir='ltr'>Regem.</span> 
     </span>
     <span class='ocr_line' id='line_1_41' title="bbox 221 1388 1206 1429; baseline -0.005 -6"><span class='ocrx_word' id='word_1_175' title='bbox 221 1390 387 1423; x_wconf 88' lang='lat' dir='ltr'>Confimiles</span> <span class='ocrx_word' id='word_1_176' title='bbox 401 1388 507 1422; x_wconf 87' lang='lat' dir='ltr'>Literas</span> <span class='ocrx_word' id='word_1_177' title='bbox 523 1390 616 1429; x_wconf 88' lang='lat' dir='ltr'>Regis</span> <span class='ocrx_word' id='word_1_178' title='bbox 629 1388 665 1420; x_wconf 93' lang='lat' dir='ltr'>de</span> <span class='ocrx_word' id='word_1_179' title='bbox 680 1388 837 1421; x_wconf 71' lang='lat' dir='ltr'>Condu&amp;u</span> <span class='ocrx_word' id='word_1_180' title='bbox 851 1389 956 1420; x_wconf 87' lang='lat' dir='ltr'>habent</span> <span class='ocrx_word' id='word_1_181' title='bbox 970 1388 1131 1428; x_wconf 78' lang='lat' dir='ltr'>subscripti3</span> <span class='ocrx_word' id='word_1_182' title='bbox 1149 1389 1206 1420; x_wconf 74' lang='lat' dir='ltr'>viz,</span> 
     </span>
    </p>
   </div>
   <div class='ocr_carea' id='block_1_13' title="bbox 212 1467 1163 1689">
    <p class='ocr_par' dir='ltr' id='par_1_19' title="bbox 215 1467 844 1507">
     <span class='ocr_line' id='line_1_42' title="bbox 215 1467 844 1507; baseline -0.002 -10"><span class='ocrx_word' id='word_1_183' title='bbox 215 1470 347 1497; x_wconf 81' lang='lat' dir='ltr'>Dominus</span> <span class='ocrx_word' id='word_1_184' title='bbox 367 1467 548 1507; x_wconf 85' lang='lat' dir='ltr'>d&#39;Albygneio</span> <span class='ocrx_word' id='word_1_185' title='bbox 562 1467 732 1506; x_wconf 81' lang='lat' dir='ltr'>Prifimarius</span> <span class='ocrx_word' id='word_1_186' title='bbox 757 1467 844 1504; x_wconf 81' lang='lat' dir='ltr'>Regis.</span> 
     </span>
    </p>

    <p class='ocr_par' dir='ltr' id='par_1_20' title="bbox 214 1503 775 1536">
     <span class='ocr_line' id='line_1_43' title="bbox 214 1503 775 1536; baseline 0.002 -2"><span class='ocrx_word' id='word_1_187' title='bbox 214 1505 314 1535; x_wconf 85' lang='lat' dir='ltr'>Adam</span> <span class='ocrx_word' id='word_1_188' title='bbox 327 1506 358 1534; x_wconf 86' lang='lat' dir='ltr'>de</span> <span class='ocrx_word' id='word_1_189' title='bbox 372 1505 483 1535; x_wconf 78' lang='lat' dir='ltr'>Meleun</span> <span class='ocrx_word' id='word_1_190' title='bbox 502 1507 534 1536; x_wconf 89' lang='lat' dir='ltr'>de</span> <span class='ocrx_word' id='word_1_191' title='bbox 549 1505 668 1535; x_wconf 64' lang='lat' dir='ltr'>Francia*</span> <span class='ocrx_word' id='word_1_192' title='bbox 682 1503 775 1535; x_wconf 79' lang='lat' dir='ltr'>Miles,</span> 
     </span>
    </p>

    <p class='ocr_par' dir='ltr' id='par_1_21' title="bbox 212 1541 1163 1659">
     <span class='ocr_line' id='line_1_44' title="bbox 212 1541 1137 1583; baseline -0.003 -10"><span class='ocrx_word' id='word_1_193' title='bbox 212 1543 287 1573; x_wconf 80' lang='lat' dir='ltr'>oddo</span> <span class='ocrx_word' id='word_1_194' title='bbox 303 1546 435 1573; x_wconf 82' lang='lat' dir='ltr'>Dominus</span> <span class='ocrx_word' id='word_1_195' title='bbox 449 1544 481 1573; x_wconf 86' lang='lat' dir='ltr'>de</span> <span class='ocrx_word' id='word_1_196' title='bbox 495 1546 602 1583; x_wconf 85' lang='lat' dir='ltr'>Grancy</span> <span class='ocrx_word' id='word_1_197' title='bbox 616 1541 655 1578; x_wconf 59' lang='grc' dir='ltr'>ῤ’</span> <span class='ocrx_word' id='word_1_198' title='bbox 669 1546 773 1580; x_wconf 84' lang='lat' dir='ltr'>Septem</span> <span class='ocrx_word' id='word_1_199' title='bbox 787 1541 947 1573; x_wconf 81' lang='lat' dir='ltr'>Familiares</span> <span class='ocrx_word' id='word_1_200' title='bbox 956 1541 1001 1582; x_wconf 69' lang='lat' dir='ltr'>fici</span> <span class='ocrx_word' id='word_1_201' title='bbox 1014 1543 1137 1583; x_wconf 79' lang='lat' dir='ltr'>Equites.</span> 
     </span>
     <span class='ocr_line' id='line_1_45' title="bbox 216 1578 1163 1621; baseline -0.003 -10"><span class='ocrx_word' id='word_1_202' title='bbox 216 1578 372 1612; x_wconf 80' lang='lat' dir='ltr'>Gallielmus</span> <span class='ocrx_word' id='word_1_203' title='bbox 385 1582 417 1611; x_wconf 86' lang='lat' dir='ltr'>de</span> <span class='ocrx_word' id='word_1_204' title='bbox 431 1581 536 1621; x_wconf 78' lang='lat' dir='ltr'>Plesc&#39;y,</span> <span class='ocrx_word' id='word_1_205' title='bbox 552 1581 728 1618; x_wconf 79' lang='lat' dir='ltr'>Prifonarius</span> <span class='ocrx_word' id='word_1_206' title='bbox 740 1581 878 1611; x_wconf 84' lang='lat' dir='ltr'>Edwardi</span> <span class='ocrx_word' id='word_1_207' title='bbox 895 1583 1027 1619; x_wconf 80' lang='lat' dir='ltr'>Principis</span> <span class='ocrx_word' id='word_1_208' title='bbox 1044 1581 1163 1612; x_wconf 80' lang='lat' dir='ltr'>Walliae.</span> 
     </span>
     <span class='ocr_line' id='line_1_46' title="bbox 212 1619 825 1659; baseline 0.002 -10"><span class='ocrx_word' id='word_1_209' title='bbox 212 1619 333 1658; x_wconf 79' lang='lat' dir='ltr'>Jacohus</span> <span class='ocrx_word' id='word_1_210' title='bbox 348 1622 380 1651; x_wconf 85' lang='lat' dir='ltr'>de</span> <span class='ocrx_word' id='word_1_211' title='bbox 394 1620 506 1650; x_wconf 85' lang='lat' dir='ltr'>Burbon</span> <span class='ocrx_word' id='word_1_212' title='bbox 514 1642 525 1659; x_wconf 90' lang='lat'>,</span> <span class='ocrx_word' id='word_1_213' title='bbox 550 1620 721 1659; x_wconf 65' lang='lat' dir='ltr'>Prifiznarius</span> <span class='ocrx_word' id='word_1_214' title='bbox 737 1621 825 1657; x_wconf 86' lang='lat' dir='ltr'>Regis.</span> 
     </span>
    </p>

    <p class='ocr_par' dir='ltr' id='par_1_22' title="bbox 213 1659 517 1689">
     <span class='ocr_line' id='line_1_47' title="bbox 213 1659 517 1689; baseline 0.003 -1"><span class='ocrx_word' id='word_1_215' title='bbox 213 1661 347 1688; x_wconf 83' lang='lat' dir='ltr'>Dominus</span> <span class='ocrx_word' id='word_1_216' title='bbox 372 1659 405 1688; x_wconf 86' lang='lat' dir='ltr'>de</span> <span class='ocrx_word' id='word_1_217' title='bbox 420 1661 517 1689; x_wconf 86' lang='lat' dir='ltr'>Craon.</span> 
     </span>
    </p>
   </div>
   <div class='ocr_carea' id='block_1_14' title="bbox 174 1779 1243 1911">
    <p class='ocr_par' dir='ltr' id='par_1_23' title="bbox 174 1779 1243 1911">
     <span class='ocr_line' id='line_1_48' title="bbox 174 1779 1243 1828; baseline -0.002 -14"><span class='ocrx_word' id='word_1_218' title='bbox 174 1783 234 1815; x_wconf 83' lang='lat' dir='ltr'>Pro</span> <span class='ocrx_word' id='word_1_219' title='bbox 250 1781 336 1814; x_wconf 86' lang='lat' dir='ltr'>Duce</span> <span class='ocrx_word' id='word_1_220' title='bbox 354 1779 532 1828; x_wconf 82' lang='lat' dir='ltr'>Burgundiae</span> <span class='ocrx_word' id='word_1_221' title='bbox 553 1780 589 1814; x_wconf 86' lang='lat' dir='ltr'>de</span> <span class='ocrx_word' id='word_1_222' title='bbox 604 1783 835 1827; x_wconf 78' lang='lat' dir='ltr'>Acquietantia‚</span> <span class='ocrx_word' id='word_1_223' title='bbox 853 1780 943 1826; x_wconf 79' lang='lat' dir='ltr'>fhper</span> <span class='ocrx_word' id='word_1_224' title='bbox 960 1779 1110 1813; x_wconf 76' lang='lat' dir='ltr'>Solutionc</span> <span class='ocrx_word' id='word_1_225' title='bbox 1129 1790 1243 1824; x_wconf 85' lang='lat'><em>50000</em></span> 
     </span>
     <span class='ocr_line' id='line_1_49' title="bbox 220 1827 1241 1911; baseline 0 -49"><span class='ocrx_word' id='word_1_226' title='bbox 220 1830 403 1911; x_wconf 49' lang='grc' dir='ltr'>ἐῖιψιὲῖηκψ</span> <span class='ocrx_word' id='word_1_227' title='bbox 415 1856 426 1873; x_wconf 84' lang='grc'>,</span> <span class='ocrx_word' id='word_1_228' title='bbox 443 1830 541 1875; x_wconf 79' lang='lat' dir='ltr'>juxta</span> <span class='ocrx_word' id='word_1_229' title='bbox 559 1831 739 1864; x_wconf 65' lang='lat' dir='ltr'>Trafiasum</span> <span class='ocrx_word' id='word_1_230' title='bbox 754 1827 836 1876; x_wconf 80' lang='lat' dir='ltr'>apud</span> <span class='ocrx_word' id='word_1_231' title='bbox 855 1828 975 1863; x_wconf 75' lang='lat' dir='ltr'>Villam</span> <span class='ocrx_word' id='word_1_232' title='bbox 993 1827 1029 1862; x_wconf 86' lang='lat' dir='ltr'>de</span> <span class='ocrx_word' id='word_1_233' title='bbox 1048 1829 1168 1863; x_wconf 77' lang='lat' dir='ltr'>Gnillon</span> <span class='ocrx_word' id='word_1_234' title='bbox 1185 1827 1241 1862; x_wconf 82' lang='lat' dir='ltr'>ha-</span> 
     </span>
    </p>
   </div>
   <div class='ocr_carea' id='block_1_15' title="bbox 175 1960 1246 2390">
    <p class='ocr_par' dir='ltr' id='par_1_24' title="bbox 234 1960 1095 2005">
     <span class='ocr_line' id='line_1_50' title="bbox 234 1960 1095 2005; baseline 0 -10"><span class='ocrx_word' id='word_1_235' title='bbox 234 1963 260 1995; x_wconf 93' lang='lat' dir='ltr'><strong>E</strong></span> <span class='ocrx_word' id='word_1_236' title='bbox 279 1964 341 1996; x_wconf 89' lang='lat' dir='ltr'>Roi</span> <span class='ocrx_word' id='word_1_237' title='bbox 355 1975 371 1996; x_wconf 88' lang='lat' dir='ltr'>a</span> <span class='ocrx_word' id='word_1_238' title='bbox 385 1972 454 1997; x_wconf 89' lang='lat' dir='ltr'>touz</span> <span class='ocrx_word' id='word_1_239' title='bbox 465 1962 564 2004; x_wconf 89' lang='lat' dir='ltr'>ceulz,</span> <span class='ocrx_word' id='word_1_240' title='bbox 580 1964 609 2005; x_wconf 92' lang='lat' dir='ltr'>qi</span> <span class='ocrx_word' id='word_1_241' title='bbox 629 1962 717 1996; x_wconf 90' lang='lat' dir='ltr'>cestes</span> <span class='ocrx_word' id='word_1_242' title='bbox 732 1962 838 1996; x_wconf 88' lang='lat' dir='ltr'>Lettres</span> <span class='ocrx_word' id='word_1_243' title='bbox 851 1972 966 1996; x_wconf 89' lang='lat' dir='ltr'>verront</span> <span class='ocrx_word' id='word_1_244' title='bbox 1003 1960 1095 1997; x_wconf 86' lang='lat' dir='ltr'>Saluz.</span> 
     </span>
    </p>

    <p class='ocr_par' dir='ltr' id='par_1_25' title="bbox 178 1987 1245 2226">
     <span class='ocr_line' id='line_1_51' title="bbox 271 1987 1244 2042; baseline 0.001 -8"><span class='ocrx_word' id='word_1_245' title='bbox 271 2000 372 2035; x_wconf 83' lang='lat' dir='ltr'>Savoir</span> <span class='ocrx_word' id='word_1_246' title='bbox 386 2014 455 2035; x_wconf 89' lang='lat' dir='ltr'>vous</span> <span class='ocrx_word' id='word_1_247' title='bbox 466 2003 566 2034; x_wconf 85' lang='lat' dir='ltr'>faisons</span> <span class='ocrx_word' id='word_1_248' title='bbox 580 2014 634 2042; x_wconf 89' lang='lat' dir='ltr'>qe,</span> <span class='ocrx_word' id='word_1_249' title='bbox 649 2013 752 2041; x_wconf 90' lang='lat' dir='ltr'>come,</span> <span class='ocrx_word' id='word_1_250' title='bbox 767 2004 786 2033; x_wconf 90' lang='lat' dir='ltr'>li</span> <span class='ocrx_word' id='word_1_251' title='bbox 801 2002 945 2034; x_wconf 81' lang='lat' dir='ltr'>Puiffantz.</span> <span class='ocrx_word' id='word_1_252' title='bbox 952 1987 1067 2041; x_wconf 71' lang='lat' dir='ltr'>bloms,</span> <span class='ocrx_word' id='word_1_253' title='bbox 1083 2003 1110 2033; x_wconf 94' lang='lat' dir='ltr'>le</span> <span class='ocrx_word' id='word_1_254' title='bbox 1123 2003 1194 2034; x_wconf 92' lang='lat' dir='ltr'>Duc</span> <span class='ocrx_word' id='word_1_255' title='bbox 1208 2003 1244 2035; x_wconf 91' lang='lat' dir='ltr'>de</span> 
     </span>
     <span class='ocr_line' id='line_1_52' title="bbox 178 2039 1244 2080; baseline 0.002 -9"><span class='ocrx_word' id='word_1_256' title='bbox 178 2039 343 2080; x_wconf 81' lang='lat' dir='ltr'>Burgoign,</span> <span class='ocrx_word' id='word_1_257' title='bbox 366 2042 461 2072; x_wconf 89' lang='lat' dir='ltr'>nostre</span> <span class='ocrx_word' id='word_1_258' title='bbox 479 2041 606 2080; x_wconf 89' lang='lat' dir='ltr'>Cousin,</span> <span class='ocrx_word' id='word_1_259' title='bbox 626 2042 660 2072; x_wconf 89' lang='lat'>&amp;</span> <span class='ocrx_word' id='word_1_260' title='bbox 682 2041 802 2079; x_wconf 88' lang='lat' dir='ltr'>pluseurs</span> <span class='ocrx_word' id='word_1_261' title='bbox 824 2041 959 2080; x_wconf 89' lang='lat' dir='ltr'>Nobles,</span> <span class='ocrx_word' id='word_1_262' title='bbox 976 2042 1010 2073; x_wconf 90' lang='lat'>&amp;</span> <span class='ocrx_word' id='word_1_263' title='bbox 1027 2050 1116 2072; x_wconf 84' lang='lat' dir='ltr'>autres</span> <span class='ocrx_word' id='word_1_264' title='bbox 1135 2042 1172 2072; x_wconf 90' lang='lat' dir='ltr'>de</span> <span class='ocrx_word' id='word_1_265' title='bbox 1193 2042 1244 2073; x_wconf 90' lang='lat' dir='ltr'>son</span> 
     </span>
     <span class='ocr_line' id='line_1_53' title="bbox 183 2077 1245 2120; baseline 0.003 -11"><span class='ocrx_word' id='word_1_266' title='bbox 183 2077 272 2119; x_wconf 85' lang='lat' dir='ltr'>Paiis‚</span> <span class='ocrx_word' id='word_1_267' title='bbox 289 2089 338 2119; x_wconf 86' lang='lat' dir='ltr'>par</span> <span class='ocrx_word' id='word_1_268' title='bbox 354 2080 477 2118; x_wconf 89' lang='lat' dir='ltr'>Lettres‚</span> <span class='ocrx_word' id='word_1_269' title='bbox 494 2079 600 2111; x_wconf 87' lang='lat' dir='ltr'>seallees</span> <span class='ocrx_word' id='word_1_270' title='bbox 621 2080 657 2110; x_wconf 90' lang='lat' dir='ltr'>de</span> <span class='ocrx_word' id='word_1_271' title='bbox 669 2080 727 2110; x_wconf 91' lang='lat' dir='ltr'>leur</span> <span class='ocrx_word' id='word_1_272' title='bbox 748 2080 845 2118; x_wconf 88' lang='lat' dir='ltr'>Sealx,</span> <span class='ocrx_word' id='word_1_273' title='bbox 869 2080 902 2110; x_wconf 91' lang='lat'>&amp;</span> <span class='ocrx_word' id='word_1_274' title='bbox 921 2090 969 2118; x_wconf 88' lang='lat' dir='ltr'>par</span> <span class='ocrx_word' id='word_1_275' title='bbox 991 2080 1049 2111; x_wconf 90' lang='lat' dir='ltr'>leur</span> <span class='ocrx_word' id='word_1_276' title='bbox 1063 2080 1245 2120; x_wconf 83' lang='lat' dir='ltr'>Serementz,</span> 
     </span>
     <span class='ocr_line' id='line_1_54' title="bbox 179 2116 1245 2158; baseline 0.002 -10"><span class='ocrx_word' id='word_1_277' title='bbox 179 2116 269 2149; x_wconf 89' lang='lat' dir='ltr'>soient</span> <span class='ocrx_word' id='word_1_278' title='bbox 282 2127 369 2149; x_wconf 91' lang='lat' dir='ltr'>tenuz</span> <span class='ocrx_word' id='word_1_279' title='bbox 381 2119 415 2150; x_wconf 89' lang='lat'>&amp;</span> <span class='ocrx_word' id='word_1_280' title='bbox 427 2118 547 2156; x_wconf 86' lang='lat' dir='ltr'>obligez</span> <span class='ocrx_word' id='word_1_281' title='bbox 562 2117 598 2148; x_wconf 92' lang='lat' dir='ltr'>de</span> <span class='ocrx_word' id='word_1_282' title='bbox 610 2118 686 2155; x_wconf 83' lang='lat' dir='ltr'>paier</span> <span class='ocrx_word' id='word_1_283' title='bbox 700 2127 715 2147; x_wconf 92' lang='lat' dir='ltr'>a</span> <span class='ocrx_word' id='word_1_284' title='bbox 728 2127 816 2156; x_wconf 75' lang='lat' dir='ltr'>nouS,</span> <span class='ocrx_word' id='word_1_285' title='bbox 834 2127 873 2148; x_wconf 90' lang='lat' dir='ltr'>ou</span> <span class='ocrx_word' id='word_1_286' title='bbox 888 2128 904 2148; x_wconf 92' lang='lat' dir='ltr'>a</span> <span class='ocrx_word' id='word_1_287' title='bbox 923 2127 982 2148; x_wconf 89' lang='lat' dir='ltr'>noz</span> <span class='ocrx_word' id='word_1_288' title='bbox 997 2118 1131 2156; x_wconf 84' lang='lat' dir='ltr'>especialx</span> <span class='ocrx_word' id='word_1_289' title='bbox 1145 2119 1245 2158; x_wconf 89' lang='lat' dir='ltr'>Depu-</span> 
     </span>
     <span class='ocr_line' id='line_1_55' title="bbox 180 2155 1245 2226; baseline 0.002 -39"><span class='ocrx_word' id='word_1_290' title='bbox 180 2164 228 2225; x_wconf 54' lang='lat' dir='ltr'>ffiz</span> <span class='ocrx_word' id='word_1_291' title='bbox 247 2167 284 2188; x_wconf 88' lang='lat' dir='ltr'>en</span> <span class='ocrx_word' id='word_1_292' title='bbox 304 2157 394 2226; x_wconf 41' lang='grc' dir='ltr'>6613116Ο</span> <span class='ocrx_word' id='word_1_293' title='bbox 394 2156 503 2195; x_wconf 87' lang='lat' dir='ltr'>Partie,</span> <span class='ocrx_word' id='word_1_294' title='bbox 527 2166 543 2187; x_wconf 94' lang='lat' dir='ltr'>a</span> <span class='ocrx_word' id='word_1_295' title='bbox 564 2156 659 2187; x_wconf 88' lang='lat' dir='ltr'>nostre</span> <span class='ocrx_word' id='word_1_296' title='bbox 671 2155 747 2187; x_wconf 86' lang='lat' dir='ltr'>Ville</span> <span class='ocrx_word' id='word_1_297' title='bbox 768 2156 803 2188; x_wconf 92' lang='lat' dir='ltr'>de</span> <span class='ocrx_word' id='word_1_298' title='bbox 818 2155 935 2197; x_wconf 88' lang='lat' dir='ltr'>Calays,</span> <span class='ocrx_word' id='word_1_299' title='bbox 957 2156 1045 2188; x_wconf 84' lang='lat' dir='ltr'>Deux</span> <span class='ocrx_word' id='word_1_300' title='bbox 1066 2156 1162 2189; x_wconf 88' lang='lat' dir='ltr'>Centz</span> <span class='ocrx_word' id='word_1_301' title='bbox 1176 2157 1245 2189; x_wconf 86' lang='lat' dir='ltr'>Mill</span> 
     </span>
    </p>

    <p class='ocr_par' dir='ltr' id='par_1_26' title="bbox 221 2196 410 2226">
     <span class='ocr_line' id='line_1_56' title="bbox 221 2196 410 2226; baseline -0.005 0"><span class='ocrx_word' id='word_1_302' title='bbox 221 2203 323 2226; x_wconf 88' lang='lat' dir='ltr'>outons</span> <span class='ocrx_word' id='word_1_303' title='bbox 355 2196 362 2207; x_wconf 95' lang='lat'>’</span> <span class='ocrx_word' id='word_1_304' title='bbox 397 2205 410 2225; x_wconf 89' lang='lat' dir='ltr'>r</span> 
     </span>
    </p>

    <p class='ocr_par' dir='ltr' id='par_1_27' title="bbox 175 2218 1246 2390">
     <span class='ocr_line' id='line_1_57' title="bbox 214 2218 1246 2274; baseline 0 -8"><span class='ocrx_word' id='word_1_305' title='bbox 214 2234 317 2266; x_wconf 90' lang='lat' dir='ltr'>Dount</span> <span class='ocrx_word' id='word_1_306' title='bbox 332 2234 351 2265; x_wconf 90' lang='lat' dir='ltr'>il</span> <span class='ocrx_word' id='word_1_307' title='bbox 365 2218 481 2265; x_wconf 59' lang='lat' dir='ltr'>doiiient</span> <span class='ocrx_word' id='word_1_308' title='bbox 496 2234 569 2271; x_wconf 85' lang='lat' dir='ltr'>paier</span> <span class='ocrx_word' id='word_1_309' title='bbox 584 2232 755 2274; x_wconf 89' lang='lat' dir='ltr'>Cynquante</span> <span class='ocrx_word' id='word_1_310' title='bbox 778 2232 845 2263; x_wconf 87' lang='lat' dir='ltr'>Mill</span> <span class='ocrx_word' id='word_1_311' title='bbox 867 2231 989 2265; x_wconf 88' lang='lat' dir='ltr'>Deniers</span> <span class='ocrx_word' id='word_1_312' title='bbox 1007 2233 1099 2274; x_wconf 91' lang='lat' dir='ltr'>d’Or,</span> <span class='ocrx_word' id='word_1_313' title='bbox 1119 2235 1246 2274; x_wconf 87' lang='lat' dir='ltr'>appellez</span> 
     </span>
     <span class='ocr_line' id='line_1_58' title="bbox 178 2271 1245 2312; baseline 0.002 -8"><span class='ocrx_word' id='word_1_314' title='bbox 178 2272 322 2304; x_wconf 91' lang='lat' dir='ltr'>Moutons</span> <span class='ocrx_word' id='word_1_315' title='bbox 356 2271 404 2303; x_wconf 88' lang='lat' dir='ltr'>des</span> <span class='ocrx_word' id='word_1_316' title='bbox 423 2271 516 2303; x_wconf 88' lang='lat' dir='ltr'>droitz</span> <span class='ocrx_word' id='word_1_317' title='bbox 530 2272 609 2312; x_wconf 89' lang='lat' dir='ltr'>Lay,</span> <span class='ocrx_word' id='word_1_318' title='bbox 632 2271 724 2312; x_wconf 92' lang='lat' dir='ltr'>Poys,</span> <span class='ocrx_word' id='word_1_319' title='bbox 743 2272 777 2302; x_wconf 91' lang='lat'>&amp;</span> <span class='ocrx_word' id='word_1_320' title='bbox 800 2271 888 2311; x_wconf 92' lang='lat' dir='ltr'>Coyn</span> <span class='ocrx_word' id='word_1_321' title='bbox 906 2271 943 2302; x_wconf 92' lang='lat' dir='ltr'>de</span> <span class='ocrx_word' id='word_1_322' title='bbox 966 2272 1088 2312; x_wconf 89' lang='lat' dir='ltr'>France,</span> <span class='ocrx_word' id='word_1_323' title='bbox 1106 2284 1144 2305; x_wconf 91' lang='lat' dir='ltr'>ou</span> <span class='ocrx_word' id='word_1_324' title='bbox 1169 2282 1245 2306; x_wconf 87' lang='lat' dir='ltr'>autre</span> 
     </span>
     <span class='ocr_line' id='line_1_59' title="bbox 176 2295 1244 2354; baseline 0.001 -12"><span class='ocrx_word' id='word_1_325' title='bbox 176 2310 222 2342; x_wconf 88' lang='lat' dir='ltr'>Or</span> <span class='ocrx_word' id='word_1_326' title='bbox 235 2322 251 2347; x_wconf 82' lang='lat' dir='ltr'>a</span> <span class='ocrx_word' id='word_1_327' title='bbox 262 2295 409 2350; x_wconf 81' lang='lat' dir='ltr'>la.V&#39;alue‚</span> <span class='ocrx_word' id='word_1_328' title='bbox 430 2321 446 2342; x_wconf 89' lang='lat' dir='ltr'>a</span> <span class='ocrx_word' id='word_1_329' title='bbox 462 2310 521 2341; x_wconf 80' lang='lat' dir='ltr'>cest</span> <span class='ocrx_word' id='word_1_330' title='bbox 563 2309 686 2354; x_wconf 82' lang='lat' dir='ltr'>reschein</span> <span class='ocrx_word' id='word_1_331' title='bbox 701 2309 783 2340; x_wconf 90' lang='lat' dir='ltr'>Feste</span> <span class='ocrx_word' id='word_1_332' title='bbox 805 2310 841 2341; x_wconf 87' lang='lat' dir='ltr'>de</span> <span class='ocrx_word' id='word_1_333' title='bbox 862 2310 888 2354; x_wconf 83' lang='lat' dir='ltr'>la</span> <span class='ocrx_word' id='word_1_334' title='bbox 901 2309 1032 2342; x_wconf 89' lang='lat' dir='ltr'>Nativite</span> <span class='ocrx_word' id='word_1_335' title='bbox 1054 2311 1132 2343; x_wconf 90' lang='lat' dir='ltr'>Seint</span> <span class='ocrx_word' id='word_1_336' title='bbox 1147 2312 1244 2351; x_wconf 89' lang='lat' dir='ltr'>Johan</span> 
     </span>
     <span class='ocr_line' id='line_1_60' title="bbox 175 2347 1246 2390; baseline 0.002 -10"><span class='ocrx_word' id='word_1_337' title='bbox 175 2349 202 2381; x_wconf 89' lang='lat' dir='ltr'>le</span> <span class='ocrx_word' id='word_1_338' title='bbox 217 2349 371 2389; x_wconf 85' lang='lat' dir='ltr'>Baptistre,</span> <span class='ocrx_word' id='word_1_339' title='bbox 388 2357 476 2381; x_wconf 90' lang='lat' dir='ltr'>come</span> <span class='ocrx_word' id='word_1_340' title='bbox 490 2358 519 2381; x_wconf 90' lang='lat' dir='ltr'>es</span> <span class='ocrx_word' id='word_1_341' title='bbox 560 2357 610 2380; x_wconf 84' lang='lat' dir='ltr'>ites</span> <span class='ocrx_word' id='word_1_342' title='bbox 626 2349 753 2387; x_wconf 82' lang='lat' dir='ltr'>Lettres‚</span> <span class='ocrx_word' id='word_1_343' title='bbox 771 2357 820 2380; x_wconf 87' lang='lat' dir='ltr'>ent</span> <span class='ocrx_word' id='word_1_344' title='bbox 842 2347 937 2388; x_wconf 77' lang='lat' dir='ltr'>faites,</span> <span class='ocrx_word' id='word_1_345' title='bbox 954 2349 997 2380; x_wconf 88' lang='lat' dir='ltr'>est</span> <span class='ocrx_word' id='word_1_346' title='bbox 1018 2358 1162 2382; x_wconf 88' lang='lat' dir='ltr'>contenuz</span> <span class='ocrx_word' id='word_1_347' title='bbox 1184 2351 1246 2390; x_wconf 86' lang='lat' dir='ltr'>plus</span> 
     </span>
    </p>
   </div>
   <div class='ocr_carea' id='block_1_16' title="bbox 162 2398 1245 2470">
    <p class='ocr_par' dir='ltr' id='par_1_28' title="bbox 162 2398 1245 2470">
     <span class='ocr_line' id='line_1_61' title="bbox 168 2398 286 2420; baseline -0.017 0"><span class='ocrx_word' id='word_1_348' title='bbox 168 2399 194 2420; x_wconf 76' lang='lat' dir='ltr'>.a</span> <span class='ocrx_word' id='word_1_349' title='bbox 242 2398 286 2418; x_wconf 82' lang='lat' dir='ltr'>am</span> 
     </span>
     <span class='ocr_line' id='line_1_62' title="bbox 162 2398 1245 2470; baseline 0.003 -13"><span class='ocrx_word' id='word_1_350' title='bbox 162 2419 187 2431; x_wconf 42' lang='lat'>‘⁹&#39;</span> <span class='ocrx_word' id='word_1_351' title='bbox 212 2398 305 2458; x_wconf 48' lang='lat' dir='ltr'>{Ious’</span> <span class='ocrx_word' id='word_1_352' title='bbox 321 2425 498 2465; x_wconf 80' lang='lat' dir='ltr'>confessoris,</span> <span class='ocrx_word' id='word_1_353' title='bbox 522 2426 557 2458; x_wconf 90' lang='lat'>&amp;</span> <span class='ocrx_word' id='word_1_354' title='bbox 576 2425 804 2470; x_wconf 82' lang='lat' dir='ltr'>recogneissons,</span> <span class='ocrx_word' id='word_1_355' title='bbox 823 2436 859 2456; x_wconf 90' lang='lat' dir='ltr'>en</span> <span class='ocrx_word' id='word_1_356' title='bbox 881 2436 950 2464; x_wconf 88' lang='lat' dir='ltr'>pure</span> <span class='ocrx_word' id='word_1_357' title='bbox 971 2426 1084 2466; x_wconf 88' lang='lat' dir='ltr'>Verite,</span> <span class='ocrx_word' id='word_1_358' title='bbox 1107 2430 1189 2459; x_wconf 88' lang='lat' dir='ltr'>avoir</span> <span class='ocrx_word' id='word_1_359' title='bbox 1208 2439 1245 2460; x_wconf 85' lang='lat' dir='ltr'>en</span> 
     </span>
    </p>
   </div>
   <div class='ocr_carea' id='block_1_17' title="bbox 25 3213 162 3509">
    <p class='ocr_par' dir='ltr' id='par_1_29' title="bbox 25 3213 162 3404">
     <span class='ocr_line' id='line_1_63' title="bbox 45 3213 146 3241; baseline 0 0"><span class='ocrx_word' id='word_1_360' title='bbox 45 3213 65 3233; x_wconf 64' lang='lat'>¹¹</span> <span class='ocrx_word' id='word_1_361' title='bbox 91 3214 146 3241; x_wconf 91' lang='lat' dir='ltr'>VI.</span> 
     </span>
     <span class='ocr_line' id='line_1_64' title="bbox 68 3262 133 3280; baseline -0.046 0"><span class='ocrx_word' id='word_1_362' title='bbox 68 3262 133 3280; x_wconf 84' lang='lat'>201.</span> 
     </span>
     <span class='ocr_line' id='line_1_65' title="bbox 25 3288 162 3322; baseline 0 0"><span class='ocrx_word' id='word_1_363' title='bbox 25 3288 162 3322; x_wconf 77' lang='lat' dir='ltr'>Ann.⁴D.</span> 
     </span>
     <span class='ocr_line' id='line_1_66' title="bbox 55 3331 137 3368; baseline -0.012 -9"><span class='ocrx_word' id='word_1_364' title='bbox 55 3331 137 3368; x_wconf 82' lang='lat'>1360.</span> 
     </span>
     <span class='ocr_line' id='line_1_67' title="bbox 27 3371 143 3404; baseline 0.017 -10"><span class='ocrx_word' id='word_1_365' title='bbox 27 3371 80 3396; x_wconf 80' lang='lat' dir='ltr'>An.</span> <span class='ocrx_word' id='word_1_366' title='bbox 101 3377 143 3404; x_wconf 83' lang='lat'>34.</span> 
     </span>
    </p>

    <p class='ocr_par' dir='ltr' id='par_1_30' title="bbox 28 3409 159 3509">
     <span class='ocr_line' id='line_1_68' title="bbox 28 3409 111 3441; baseline -0.024 -8"><span class='ocrx_word' id='word_1_367' title='bbox 28 3409 58 3433; x_wconf 77' lang='lat' dir='ltr'>E.</span> <span class='ocrx_word' id='word_1_368' title='bbox 86 3415 111 3441; x_wconf 86' lang='lat'>3.</span> 
     </span>
     <span class='ocr_line' id='line_1_69' title="bbox 28 3447 159 3471; baseline 0.015 -1"><span class='ocrx_word' id='word_1_369' title='bbox 28 3447 159 3471; x_wconf 78' lang='lat' dir='ltr'>Penesca-</span> 
     </span>
     <span class='ocr_line' id='line_1_70' title="bbox 31 3491 92 3509; baseline 0.016 -1"><span class='ocrx_word' id='word_1_370' title='bbox 31 3491 92 3509; x_wconf 88' lang='lat' dir='ltr'>mer.</span> 
     </span>
    </p>
   </div>
   <div class='ocr_carea' id='block_1_18' title="bbox 175 2464 1247 3120">
    <p class='ocr_par' dir='ltr' id='par_1_31' title="bbox 176 2464 1247 2726">
     <span class='ocr_line' id='line_1_71' title="bbox 177 2464 1245 2506; baseline 0.003 -11"><span class='ocrx_word' id='word_1_371' title='bbox 177 2474 295 2503; x_wconf 87' lang='lat' dir='ltr'>compte</span> <span class='ocrx_word' id='word_1_372' title='bbox 316 2466 349 2497; x_wconf 91' lang='lat'>&amp;</span> <span class='ocrx_word' id='word_1_373' title='bbox 365 2464 477 2503; x_wconf 86' lang='lat' dir='ltr'>resceu,</span> <span class='ocrx_word' id='word_1_374' title='bbox 494 2474 541 2503; x_wconf 87' lang='lat' dir='ltr'>par</span> <span class='ocrx_word' id='word_1_375' title='bbox 560 2465 598 2495; x_wconf 91' lang='lat' dir='ltr'>les</span> <span class='ocrx_word' id='word_1_376' title='bbox 621 2474 708 2495; x_wconf 82' lang='lat' dir='ltr'>mains</span> <span class='ocrx_word' id='word_1_377' title='bbox 728 2464 781 2503; x_wconf 90' lang='lat' dir='ltr'>de,</span> <span class='ocrx_word' id='word_1_378' title='bbox 808 2474 868 2495; x_wconf 90' lang='lat' dir='ltr'>noz</span> <span class='ocrx_word' id='word_1_379' title='bbox 890 2465 970 2496; x_wconf 79' lang='lat' dir='ltr'>chers</span> <span class='ocrx_word' id='word_1_380' title='bbox 990 2466 1024 2496; x_wconf 89' lang='lat'>&amp;</span> <span class='ocrx_word' id='word_1_381' title='bbox 1048 2465 1120 2498; x_wconf 85' lang='lat' dir='ltr'>fealx</span> <span class='ocrx_word' id='word_1_382' title='bbox 1151 2466 1245 2506; x_wconf 90' lang='lat' dir='ltr'>Johan</span> 
     </span>
     <span class='ocr_line' id='line_1_72' title="bbox 176 2489 1245 2547; baseline 0.002 -13"><span class='ocrx_word' id='word_1_383' title='bbox 176 2504 360 2544; x_wconf 83' lang='lat' dir='ltr'>Walewayn,</span> <span class='ocrx_word' id='word_1_384' title='bbox 385 2503 559 2534; x_wconf 87' lang='lat' dir='ltr'>Governour</span> <span class='ocrx_word' id='word_1_385' title='bbox 575 2502 614 2537; x_wconf 16' lang='lat' dir='ltr'>*de</span> <span class='ocrx_word' id='word_1_386' title='bbox 630 2512 688 2533; x_wconf 87' lang='lat' dir='ltr'>noz</span> <span class='ocrx_word' id='word_1_387' title='bbox 704 2502 869 2547; x_wconf 83' lang='lat' dir='ltr'>Marchants</span> <span class='ocrx_word' id='word_1_388' title='bbox 888 2514 904 2534; x_wconf 90' lang='lat' dir='ltr'>a</span> <span class='ocrx_word' id='word_1_389' title='bbox 922 2503 1047 2543; x_wconf 84' lang='lat' dir='ltr'>Bruges,</span> <span class='ocrx_word' id='word_1_390' title='bbox 1062 2505 1095 2536; x_wconf 66' lang='grc' dir='ltr'>ὃς</span> <span class='ocrx_word' id='word_1_391' title='bbox 1116 2489 1245 2536; x_wconf 72' lang='lat' dir='ltr'>Richard</span> 
     </span>
     <span class='ocr_line' id='line_1_73' title="bbox 176 2540 1247 2585; baseline 0.003 -13"><span class='ocrx_word' id='word_1_392' title='bbox 176 2541 213 2573; x_wconf 92' lang='lat' dir='ltr'>de</span> <span class='ocrx_word' id='word_1_393' title='bbox 228 2542 407 2580; x_wconf 83' lang='lat' dir='ltr'>Ecclestia1e‚</span> <span class='ocrx_word' id='word_1_394' title='bbox 429 2541 564 2573; x_wconf 78' lang='lat' dir='ltr'>Trelorer</span> <span class='ocrx_word' id='word_1_395' title='bbox 583 2541 618 2572; x_wconf 93' lang='lat' dir='ltr'>de</span> <span class='ocrx_word' id='word_1_396' title='bbox 638 2541 730 2572; x_wconf 91' lang='lat' dir='ltr'>nostre</span> <span class='ocrx_word' id='word_1_397' title='bbox 746 2541 822 2572; x_wconf 81' lang='lat' dir='ltr'>Ville</span> <span class='ocrx_word' id='word_1_398' title='bbox 842 2542 878 2572; x_wconf 90' lang='lat' dir='ltr'>de</span> <span class='ocrx_word' id='word_1_399' title='bbox 891 2540 1009 2583; x_wconf 86' lang='lat' dir='ltr'>Calays‚</span> <span class='ocrx_word' id='word_1_400' title='bbox 1025 2542 1064 2573; x_wconf 91' lang='lat' dir='ltr'>les</span> <span class='ocrx_word' id='word_1_401' title='bbox 1088 2542 1150 2574; x_wconf 85' lang='lat' dir='ltr'>ditz</span> <span class='ocrx_word' id='word_1_402' title='bbox 1166 2543 1247 2585; x_wconf 92' lang='lat' dir='ltr'>Cyn-</span> 
     </span>
     <span class='ocr_line' id='line_1_74' title="bbox 177 2578 1245 2624; baseline 0.002 -13"><span class='ocrx_word' id='word_1_403' title='bbox 177 2589 281 2619; x_wconf 83' lang='lat' dir='ltr'>quante</span> <span class='ocrx_word' id='word_1_404' title='bbox 308 2581 375 2611; x_wconf 87' lang='lat' dir='ltr'>Mill</span> <span class='ocrx_word' id='word_1_405' title='bbox 400 2580 519 2611; x_wconf 92' lang='lat' dir='ltr'>Deniers</span> <span class='ocrx_word' id='word_1_406' title='bbox 539 2579 630 2618; x_wconf 89' lang='lat' dir='ltr'>d‘Or,</span> <span class='ocrx_word' id='word_1_407' title='bbox 653 2580 778 2618; x_wconf 82' lang='lat' dir='ltr'>appellez</span> <span class='ocrx_word' id='word_1_408' title='bbox 799 2578 956 2619; x_wconf 87' lang='lat' dir='ltr'>Moutons,</span> <span class='ocrx_word' id='word_1_409' title='bbox 979 2580 1029 2611; x_wconf 91' lang='lat' dir='ltr'>des</span> <span class='ocrx_word' id='word_1_410' title='bbox 1051 2580 1147 2613; x_wconf 85' lang='lat' dir='ltr'>droitz</span> <span class='ocrx_word' id='word_1_411' title='bbox 1169 2582 1245 2624; x_wconf 89' lang='lat' dir='ltr'>Lay,</span> 
     </span>
     <span class='ocr_line' id='line_1_75' title="bbox 177 2618 1245 2660; baseline 0.002 -10"><span class='ocrx_word' id='word_1_412' title='bbox 177 2619 267 2660; x_wconf 83' lang='lat' dir='ltr'>Poys,</span> <span class='ocrx_word' id='word_1_413' title='bbox 286 2620 320 2651; x_wconf 88' lang='lat'>&amp;</span> <span class='ocrx_word' id='word_1_414' title='bbox 340 2618 434 2650; x_wconf 89' lang='lat' dir='ltr'>Coine</span> <span class='ocrx_word' id='word_1_415' title='bbox 455 2618 491 2649; x_wconf 91' lang='lat' dir='ltr'>de</span> <span class='ocrx_word' id='word_1_416' title='bbox 506 2618 631 2658; x_wconf 87' lang='lat' dir='ltr'>France,</span> <span class='ocrx_word' id='word_1_417' title='bbox 648 2618 696 2648; x_wconf 86' lang='lat' dir='ltr'>des</span> <span class='ocrx_word' id='word_1_418' title='bbox 717 2618 804 2657; x_wconf 89' lang='lat' dir='ltr'>Duc,</span> <span class='ocrx_word' id='word_1_419' title='bbox 823 2618 951 2657; x_wconf 77' lang='lat' dir='ltr'>Nobles‚</span> <span class='ocrx_word' id='word_1_420' title='bbox 968 2620 1002 2651; x_wconf 71' lang='grc' dir='ltr'>ὃς</span> <span class='ocrx_word' id='word_1_421' title='bbox 1022 2628 1110 2650; x_wconf 79' lang='lat' dir='ltr'>autres</span> <span class='ocrx_word' id='word_1_422' title='bbox 1129 2620 1245 2653; x_wconf 87' lang='lat' dir='ltr'>devant-</span> 
     </span>
     <span class='ocr_line' id='line_1_76' title="bbox 177 2656 1246 2726; baseline 0.003 -38"><span class='ocrx_word' id='word_1_423' title='bbox 177 2658 257 2726; x_wconf 57' lang='lat' dir='ltr'>gig,</span> <span class='ocrx_word' id='word_1_424' title='bbox 274 2667 310 2688; x_wconf 89' lang='lat' dir='ltr'>en</span> <span class='ocrx_word' id='word_1_425' title='bbox 324 2657 416 2689; x_wconf 83' lang='lat' dir='ltr'>Partie</span> <span class='ocrx_word' id='word_1_426' title='bbox 430 2657 465 2688; x_wconf 93' lang='lat' dir='ltr'>de</span> <span class='ocrx_word' id='word_1_427' title='bbox 480 2656 625 2688; x_wconf 87' lang='lat' dir='ltr'>Paiement</span> <span class='ocrx_word' id='word_1_428' title='bbox 644 2656 692 2687; x_wconf 91' lang='lat' dir='ltr'>des</span> <span class='ocrx_word' id='word_1_429' title='bbox 714 2657 776 2688; x_wconf 88' lang='lat' dir='ltr'>ditz</span> <span class='ocrx_word' id='word_1_430' title='bbox 797 2656 883 2688; x_wconf 84' lang='lat' dir='ltr'>Deux</span> <span class='ocrx_word' id='word_1_431' title='bbox 906 2656 1002 2688; x_wconf 86' lang='lat' dir='ltr'>Centz</span> <span class='ocrx_word' id='word_1_432' title='bbox 1018 2657 1086 2688; x_wconf 86' lang='lat' dir='ltr'>Mill</span> <span class='ocrx_word' id='word_1_433' title='bbox 1101 2658 1246 2691; x_wconf 86' lang='lat' dir='ltr'>Moutons</span> 
     </span>
     <span class='ocr_line' id='line_1_77' title="bbox 240 2707 252 2726; baseline 0 0"><span class='ocrx_word' id='word_1_434' title='bbox 240 2707 252 2726; x_wconf 91' lang='lat' dir='ltr'>r</span> 
     </span>
    </p>

    <p class='ocr_par' dir='ltr' id='par_1_32' title="bbox 178 2718 1246 2926">
     <span class='ocr_line' id='line_1_78' title="bbox 216 2718 1246 2774; baseline 0.005 -10"><span class='ocrx_word' id='word_1_435' title='bbox 216 2718 277 2764; x_wconf 72' lang='lat' dir='ltr'>De’s</span> <span class='ocrx_word' id='word_1_436' title='bbox 292 2734 374 2772; x_wconf 86' lang='lat' dir='ltr'>quelx</span> <span class='ocrx_word' id='word_1_437' title='bbox 395 2734 546 2774; x_wconf 88' lang='lat' dir='ltr'>Cynquant</span> <span class='ocrx_word' id='word_1_438' title='bbox 566 2732 633 2764; x_wconf 89' lang='lat' dir='ltr'>Mill</span> <span class='ocrx_word' id='word_1_439' title='bbox 655 2733 795 2764; x_wconf 89' lang='lat' dir='ltr'>Moutons</span> <span class='ocrx_word' id='word_1_440' title='bbox 808 2733 882 2764; x_wconf 93' lang='lat' dir='ltr'>d&#39;Or</span> <span class='ocrx_word' id='word_1_441' title='bbox 897 2733 986 2765; x_wconf 90' lang='lat' dir='ltr'>Nous</span> <span class='ocrx_word' id='word_1_442' title='bbox 1007 2734 1092 2766; x_wconf 90' lang='lat' dir='ltr'>Nous</span> <span class='ocrx_word' id='word_1_443' title='bbox 1112 2744 1246 2774; x_wconf 87' lang='lat' dir='ltr'>reputons</span> 
     </span>
     <span class='ocr_line' id='line_1_79' title="bbox 179 2770 1245 2813; baseline 0.002 -10"><span class='ocrx_word' id='word_1_444' title='bbox 179 2773 214 2804; x_wconf 88' lang='lat'>&amp;</span> <span class='ocrx_word' id='word_1_445' title='bbox 226 2780 325 2803; x_wconf 84' lang='lat' dir='ltr'>tenoris</span> <span class='ocrx_word' id='word_1_446' title='bbox 347 2782 398 2810; x_wconf 91' lang='lat' dir='ltr'>pur</span> <span class='ocrx_word' id='word_1_447' title='bbox 420 2773 486 2802; x_wconf 91' lang='lat' dir='ltr'>bien</span> <span class='ocrx_word' id='word_1_448' title='bbox 500 2772 587 2803; x_wconf 85' lang='lat' dir='ltr'>Paiez</span> <span class='ocrx_word' id='word_1_449' title='bbox 604 2773 638 2803; x_wconf 64' lang='grc' dir='ltr'>ὃς</span> <span class='ocrx_word' id='word_1_450' title='bbox 658 2770 824 2810; x_wconf 88' lang='lat' dir='ltr'>Contentz,</span> <span class='ocrx_word' id='word_1_451' title='bbox 843 2774 877 2804; x_wconf 88' lang='lat'>&amp;</span> <span class='ocrx_word' id='word_1_452' title='bbox 900 2782 937 2802; x_wconf 87' lang='lat' dir='ltr'>en</span> <span class='ocrx_word' id='word_1_453' title='bbox 960 2774 1076 2810; x_wconf 91' lang='lat' dir='ltr'>quitons</span> <span class='ocrx_word' id='word_1_454' title='bbox 1096 2773 1135 2804; x_wconf 87' lang='lat' dir='ltr'>les</span> <span class='ocrx_word' id='word_1_455' title='bbox 1156 2774 1245 2813; x_wconf 82' lang='lat' dir='ltr'>Duc,</span> 
     </span>
     <span class='ocr_line' id='line_1_80' title="bbox 179 2809 1245 2850; baseline 0.002 -9"><span class='ocrx_word' id='word_1_456' title='bbox 179 2811 312 2848; x_wconf 89' lang='lat' dir='ltr'>Nobles,</span> <span class='ocrx_word' id='word_1_457' title='bbox 330 2810 364 2841; x_wconf 89' lang='lat'>&amp;</span> <span class='ocrx_word' id='word_1_458' title='bbox 379 2819 467 2841; x_wconf 88' lang='lat' dir='ltr'>autres</span> <span class='ocrx_word' id='word_1_459' title='bbox 481 2810 640 2848; x_wconf 83' lang='lat' dir='ltr'>avantditz,</span> <span class='ocrx_word' id='word_1_460' title='bbox 654 2810 688 2840; x_wconf 66' lang='grc' dir='ltr'>ὃς</span> <span class='ocrx_word' id='word_1_461' title='bbox 709 2809 768 2839; x_wconf 86' lang='grc'><strong>16111</strong></span> <span class='ocrx_word' id='word_1_462' title='bbox 783 2810 883 2848; x_wconf 84' lang='lat' dir='ltr'>Heirs,</span> <span class='ocrx_word' id='word_1_463' title='bbox 900 2820 917 2840; x_wconf 90' lang='lat' dir='ltr'>a</span> <span class='ocrx_word' id='word_1_464' title='bbox 936 2818 1006 2841; x_wconf 87' lang='lat' dir='ltr'>touz</span> <span class='ocrx_word' id='word_1_465' title='bbox 1019 2812 1112 2850; x_wconf 86' lang='lat' dir='ltr'>jours,</span> <span class='ocrx_word' id='word_1_466' title='bbox 1131 2813 1165 2844; x_wconf 91' lang='lat'>&amp;</span> <span class='ocrx_word' id='word_1_467' title='bbox 1187 2812 1245 2843; x_wconf 91' lang='lat' dir='ltr'>leur</span> 
     </span>
     <span class='ocr_line' id='line_1_81' title="bbox 178 2847 1246 2886; baseline 0.004 -8"><span class='ocrx_word' id='word_1_468' title='bbox 178 2849 280 2880; x_wconf 88' lang='lat' dir='ltr'>faisons</span> <span class='ocrx_word' id='word_1_469' title='bbox 298 2849 415 2880; x_wconf 87' lang='lat' dir='ltr'>vailable</span> <span class='ocrx_word' id='word_1_470' title='bbox 434 2850 468 2880; x_wconf 91' lang='lat'>&amp;</span> <span class='ocrx_word' id='word_1_471' title='bbox 488 2847 691 2886; x_wconf 85' lang='lat' dir='ltr'>expressernent</span> <span class='ocrx_word' id='word_1_472' title='bbox 711 2847 900 2879; x_wconf 91' lang='lat' dir='ltr'>Covenances</span> <span class='ocrx_word' id='word_1_473' title='bbox 921 2848 956 2878; x_wconf 93' lang='lat' dir='ltr'>de</span> <span class='ocrx_word' id='word_1_474' title='bbox 974 2849 1073 2886; x_wconf 88' lang='lat' dir='ltr'>jamais</span> <span class='ocrx_word' id='word_1_475' title='bbox 1092 2851 1246 2882; x_wconf 83' lang='lat' dir='ltr'>demaiider</span> 
     </span>
     <span class='ocr_line' id='line_1_82' title="bbox 178 2885 1115 2926; baseline 0 -8"><span class='ocrx_word' id='word_1_476' title='bbox 178 2887 217 2919; x_wconf 88' lang='lat' dir='ltr'>les</span> <span class='ocrx_word' id='word_1_477' title='bbox 229 2887 382 2925; x_wconf 84' lang='lat' dir='ltr'>sommes‚</span> <span class='ocrx_word' id='word_1_478' title='bbox 398 2897 452 2926; x_wconf 86' lang='lat' dir='ltr'>que</span> <span class='ocrx_word' id='word_1_479' title='bbox 466 2887 549 2925; x_wconf 87' lang='lat' dir='ltr'>paiez</span> <span class='ocrx_word' id='word_1_480' title='bbox 563 2895 635 2916; x_wconf 88' lang='lat' dir='ltr'>nous</span> <span class='ocrx_word' id='word_1_481' title='bbox 649 2885 727 2922; x_wconf 82' lang='lat' dir='ltr'>sont,</span> <span class='ocrx_word' id='word_1_482' title='bbox 747 2896 834 2916; x_wconf 92' lang='lat' dir='ltr'>come</span> <span class='ocrx_word' id='word_1_483' title='bbox 848 2896 996 2924; x_wconf 90' lang='lat' dir='ltr'>paramont</span> <span class='ocrx_word' id='word_1_484' title='bbox 1009 2887 1050 2917; x_wconf 87' lang='lat' dir='ltr'>est</span> <span class='ocrx_word' id='word_1_485' title='bbox 1066 2888 1115 2919; x_wconf 89' lang='lat' dir='ltr'>dit.</span> 
     </span>
    </p>

    <p class='ocr_par' dir='ltr' id='par_1_33' title="bbox 175 2923 1245 2995">
     <span class='ocr_line' id='line_1_83' title="bbox 215 2923 1245 2964; baseline 0.004 -8"><span class='ocrx_word' id='word_1_486' title='bbox 215 2925 260 2956; x_wconf 90' lang='lat' dir='ltr'>En</span> <span class='ocrx_word' id='word_1_487' title='bbox 273 2926 486 2961; x_wconf 78' lang='lat' dir='ltr'>tesmoignance</span> <span class='ocrx_word' id='word_1_488' title='bbox 502 2924 551 2955; x_wconf 89' lang='lat' dir='ltr'>des</span> <span class='ocrx_word' id='word_1_489' title='bbox 573 2923 666 2964; x_wconf 89' lang='lat' dir='ltr'>queles</span> <span class='ocrx_word' id='word_1_490' title='bbox 687 2923 783 2955; x_wconf 88' lang='lat' dir='ltr'>choses</span> <span class='ocrx_word' id='word_1_491' title='bbox 799 2935 872 2955; x_wconf 90' lang='lat' dir='ltr'>nous</span> <span class='ocrx_word' id='word_1_492' title='bbox 892 2934 978 2955; x_wconf 89' lang='lat' dir='ltr'>avons</span> <span class='ocrx_word' id='word_1_493' title='bbox 1000 2925 1049 2956; x_wconf 87' lang='lat' dir='ltr'>fait</span> <span class='ocrx_word' id='word_1_494' title='bbox 1069 2927 1136 2958; x_wconf 81' lang='lat' dir='ltr'>faire</span> <span class='ocrx_word' id='word_1_495' title='bbox 1158 2927 1245 2959; x_wconf 90' lang='lat' dir='ltr'>cestes</span> 
     </span>
     <span class='ocr_line' id='line_1_84' title="bbox 175 2962 517 2995; baseline -0.006 0"><span class='ocrx_word' id='word_1_496' title='bbox 175 2973 236 2995; x_wconf 89' lang='lat' dir='ltr'>noz</span> <span class='ocrx_word' id='word_1_497' title='bbox 252 2964 361 2995; x_wconf 88' lang='lat' dir='ltr'>Lettres</span> <span class='ocrx_word' id='word_1_498' title='bbox 376 2962 517 2994; x_wconf 87' lang='lat' dir='ltr'>Parentes.</span> 
     </span>
    </p>

    <p class='ocr_par' dir='ltr' id='par_1_34' title="bbox 177 2999 1244 3120">
     <span class='ocr_line' id='line_1_85' title="bbox 213 2999 1244 3041; baseline 0.002 -8"><span class='ocrx_word' id='word_1_499' title='bbox 213 3003 296 3034; x_wconf 90' lang='lat' dir='ltr'>Don.</span> <span class='ocrx_word' id='word_1_500' title='bbox 311 3003 370 3033; x_wconf 80' lang='lat' dir='ltr'>ibus</span> <span class='ocrx_word' id='word_1_501' title='bbox 384 3001 478 3032; x_wconf 89' lang='lat' dir='ltr'>nostre</span> <span class='ocrx_word' id='word_1_502' title='bbox 491 3001 583 3032; x_wconf 88' lang='lat' dir='ltr'>Grant</span> <span class='ocrx_word' id='word_1_503' title='bbox 596 3000 674 3039; x_wconf 90' lang='lat' dir='ltr'>Seal,</span> <span class='ocrx_word' id='word_1_504' title='bbox 692 3011 708 3031; x_wconf 85' lang='lat' dir='ltr'>a</span> <span class='ocrx_word' id='word_1_505' title='bbox 721 3000 814 3031; x_wconf 87' lang='lat' dir='ltr'>nostre</span> <span class='ocrx_word' id='word_1_506' title='bbox 829 2999 925 3041; x_wconf 81' lang='lat' dir='ltr'>Palays</span> <span class='ocrx_word' id='word_1_507' title='bbox 941 3001 978 3032; x_wconf 89' lang='lat' dir='ltr'>de</span> <span class='ocrx_word' id='word_1_508' title='bbox 992 3001 1121 3033; x_wconf 89' lang='lat' dir='ltr'>Westm.</span> <span class='ocrx_word' id='word_1_509' title='bbox 1142 3004 1168 3034; x_wconf 87' lang='lat' dir='ltr'>le</span> <span class='ocrx_word' id='word_1_510' title='bbox 1186 3005 1244 3035; x_wconf 80' lang='lat' dir='ltr'>&#39;our</span> 
     </span>
     <span class='ocr_line' id='line_1_86' title="bbox 177 3015 1242 3078; baseline 0 -6"><span class='ocrx_word' id='word_1_511' title='bbox 177 3041 214 3072; x_wconf 91' lang='lat' dir='ltr'>de</span> <span class='ocrx_word' id='word_1_512' title='bbox 227 3041 253 3072; x_wconf 91' lang='lat' dir='ltr'>la</span> <span class='ocrx_word' id='word_1_513' title='bbox 266 3041 323 3073; x_wconf 89' lang='lat' dir='ltr'>dite</span> <span class='ocrx_word' id='word_1_514' title='bbox 338 3040 418 3072; x_wconf 90' lang='lat' dir='ltr'>Feste</span> <span class='ocrx_word' id='word_1_515' title='bbox 436 3040 472 3071; x_wconf 89' lang='lat' dir='ltr'>de</span> <span class='ocrx_word' id='word_1_516' title='bbox 484 3039 682 3078; x_wconf 88' lang='lat' dir='ltr'>SeintJohan‚</span> <span class='ocrx_word' id='word_1_517' title='bbox 698 3039 767 3070; x_wconf 88' lang='lat' dir='ltr'>l’An</span> <span class='ocrx_word' id='word_1_518' title='bbox 786 3039 823 3069; x_wconf 90' lang='lat' dir='ltr'>de</span> <span class='ocrx_word' id='word_1_519' title='bbox 837 3039 933 3069; x_wconf 83' lang='lat' dir='ltr'>Grace</span> <span class='ocrx_word' id='word_1_520' title='bbox 955 3039 1002 3070; x_wconf 91' lang='lat' dir='ltr'>M.</span> <span class='ocrx_word' id='word_1_521' title='bbox 1019 3040 1115 3073; x_wconf 89' lang='lat' dir='ltr'>CCC.</span> <span class='ocrx_word' id='word_1_522' title='bbox 1128 3015 1193 3074; x_wconf 61' lang='lat' dir='ltr'>LXl.</span> <span class='ocrx_word' id='word_1_523' title='bbox 1209 3045 1242 3075; x_wconf 72' lang='grc' dir='ltr'>ὃς</span> 
     </span>
     <span class='ocr_line' id='line_1_87' title="bbox 178 3077 998 3120; baseline -0.005 -9"><span class='ocrx_word' id='word_1_524' title='bbox 178 3079 214 3111; x_wconf 88' lang='lat' dir='ltr'>de</span> <span class='ocrx_word' id='word_1_525' title='bbox 229 3080 322 3111; x_wconf 88' lang='lat' dir='ltr'>nostre</span> <span class='ocrx_word' id='word_1_526' title='bbox 338 3079 438 3120; x_wconf 86' lang='lat' dir='ltr'>Regne</span> <span class='ocrx_word' id='word_1_527' title='bbox 451 3079 487 3110; x_wconf 91' lang='lat' dir='ltr'>de</span> <span class='ocrx_word' id='word_1_528' title='bbox 499 3078 607 3110; x_wconf 87' lang='lat' dir='ltr'>France</span> <span class='ocrx_word' id='word_1_529' title='bbox 622 3087 659 3109; x_wconf 90' lang='lat'>21</span> <span class='ocrx_word' id='word_1_530' title='bbox 676 3078 709 3109; x_wconf 74' lang='grc' dir='ltr'>δε</span> <span class='ocrx_word' id='word_1_531' title='bbox 724 3077 759 3108; x_wconf 90' lang='lat' dir='ltr'>de</span> <span class='ocrx_word' id='word_1_532' title='bbox 773 3077 936 3115; x_wconf 86' lang='lat' dir='ltr'>Engleterre</span> <span class='ocrx_word' id='word_1_533' title='bbox 954 3087 998 3119; x_wconf 81' lang='lat'>34.</span> 
     </span>
    </p>
   </div>
   <div class='ocr_carea' id='block_1_19' title="bbox 303 3158 1206 3163">
    <p class='ocr_par' dir='ltr' id='par_1_35' title="bbox 303 3158 1206 3163">
     <span class='ocr_line' id='line_1_88' title="bbox 303 3158 1206 3163; baseline 0 0"><span class='ocrx_word' id='word_1_534' title='bbox 303 3158 1206 3163; x_wconf 95' lang='lat' dir='ltr'> </span> 
     </span>
    </p>
   </div>
   <div class='ocr_carea' id='block_1_20' title="bbox 346 3210 1075 3261">
    <p class='ocr_par' dir='ltr' id='par_1_36' title="bbox 346 3210 1075 3261">
     <span class='ocr_line' id='line_1_89' title="bbox 346 3210 1075 3261; baseline 0.001 -14"><span class='ocrx_word' id='word_1_535' title='bbox 346 3213 368 3236; x_wconf 87' lang='lat'><strong>*</strong></span> <span class='ocrx_word' id='word_1_536' title='bbox 392 3214 440 3247; x_wconf 87' lang='lat' dir='ltr'>De</span> <span class='ocrx_word' id='word_1_537' title='bbox 461 3215 680 3261; x_wconf 80' lang='lat' dir='ltr'>Acqus&#39;etantia</span> <span class='ocrx_word' id='word_1_538' title='bbox 697 3222 753 3259; x_wconf 91' lang='lat' dir='ltr'>pro</span> <span class='ocrx_word' id='word_1_539' title='bbox 778 3210 892 3247; x_wconf 79' lang='lat' dir='ltr'>David</span> <span class='ocrx_word' id='word_1_540' title='bbox 911 3211 948 3246; x_wconf 81' lang='lat' dir='ltr'>de</span> <span class='ocrx_word' id='word_1_541' title='bbox 970 3215 1075 3248; x_wconf 82' lang='lat' dir='ltr'>Bruce.</span> 
     </span>
    </p>
   </div>
   <div class='ocr_carea' id='block_1_21' title="bbox 176 3297 1243 3987">
    <p class='ocr_par' dir='ltr' id='par_1_37' title="bbox 183 3297 865 3353">
     <span class='ocr_line' id='line_1_90' title="bbox 183 3297 865 3353; baseline -0.003 -23"><span class='ocrx_word' id='word_1_542' title='bbox 183 3297 304 3353; x_wconf 80' lang='lat' dir='ltr'>REX</span> <span class='ocrx_word' id='word_1_543' title='bbox 323 3298 468 3330; x_wconf 88' lang='lat' dir='ltr'>Omnibus</span> <span class='ocrx_word' id='word_1_544' title='bbox 481 3298 516 3330; x_wconf 92' lang='lat' dir='ltr'>ad</span> <span class='ocrx_word' id='word_1_545' title='bbox 531 3308 617 3337; x_wconf 69' lang='lat' dir='ltr'>qum,</span> <span class='ocrx_word' id='word_1_546' title='bbox 633 3299 695 3331; x_wconf 58' lang='lat' dir='ltr'>&amp;a</span> <span class='ocrx_word' id='word_1_547' title='bbox 732 3297 865 3341; x_wconf 81' lang='lat' dir='ltr'>Salutem.</span> 
     </span>
    </p>

    <p class='ocr_par' dir='ltr' id='par_1_38' title="bbox 178 3335 1243 3483">
     <span class='ocr_line' id='line_1_91' title="bbox 275 3335 1242 3376; baseline 0.001 -8"><span class='ocrx_word' id='word_1_548' title='bbox 275 3338 423 3369; x_wconf 88' lang='lat' dir='ltr'>Noveritis</span> <span class='ocrx_word' id='word_1_549' title='bbox 442 3347 495 3368; x_wconf 88' lang='lat' dir='ltr'>nos</span> <span class='ocrx_word' id='word_1_550' title='bbox 517 3337 561 3368; x_wconf 90' lang='lat' dir='ltr'>illa</span> <span class='ocrx_word' id='word_1_551' title='bbox 583 3337 698 3368; x_wconf 90' lang='lat' dir='ltr'>Decem</span> <span class='ocrx_word' id='word_1_552' title='bbox 720 3335 804 3366; x_wconf 81' lang='lat' dir='ltr'>Milia</span> <span class='ocrx_word' id='word_1_553' title='bbox 826 3335 1007 3376; x_wconf 89' lang='lat' dir='ltr'>Marcarum,</span> <span class='ocrx_word' id='word_1_554' title='bbox 1024 3347 1088 3375; x_wconf 80' lang='lat' dir='ltr'>quae</span> <span class='ocrx_word' id='word_1_555' title='bbox 1110 3339 1193 3369; x_wconf 90' lang='lat' dir='ltr'>nobis</span> <span class='ocrx_word' id='word_1_556' title='bbox 1214 3339 1242 3370; x_wconf 91' lang='lat' dir='ltr'>in</span> 
     </span>
     <span class='ocr_line' id='line_1_92' title="bbox 182 3373 1243 3415; baseline 0.003 -10"><span class='ocrx_word' id='word_1_557' title='bbox 182 3375 308 3413; x_wconf 87' lang='lat' dir='ltr'>praesenti</span> <span class='ocrx_word' id='word_1_558' title='bbox 324 3376 408 3407; x_wconf 90' lang='lat' dir='ltr'>Festo</span> <span class='ocrx_word' id='word_1_559' title='bbox 430 3375 592 3407; x_wconf 87' lang='lat' dir='ltr'>Nativitatis</span> <span class='ocrx_word' id='word_1_560' title='bbox 612 3374 707 3405; x_wconf 68' lang='lat' dir='ltr'>saneti</span> <span class='ocrx_word' id='word_1_561' title='bbox 722 3373 859 3412; x_wconf 79' lang='lat' dir='ltr'>johannis</span> <span class='ocrx_word' id='word_1_562' title='bbox 879 3375 1009 3415; x_wconf 85' lang='lat' dir='ltr'>Baptistae</span> <span class='ocrx_word' id='word_1_563' title='bbox 1034 3376 1093 3406; x_wconf 92' lang='lat' dir='ltr'>sunt</span> <span class='ocrx_word' id='word_1_564' title='bbox 1112 3377 1243 3408; x_wconf 87' lang='lat' dir='ltr'>solvenda</span> 
     </span>
     <span class='ocr_line' id='line_1_93' title="bbox 178 3411 1242 3483; baseline 0.002 -39"><span class='ocrx_word' id='word_1_565' title='bbox 178 3414 249 3483; x_wconf 39' lang='lat' dir='ltr'>§elii-f</span> <span class='ocrx_word' id='word_1_566' title='bbox 267 3416 302 3444; x_wconf 88' lang='lat' dir='ltr'>de</span> <span class='ocrx_word' id='word_1_567' title='bbox 312 3413 418 3481; x_wconf 38' lang='grc' dir='ltr'>1χἹκΞεῐῐίο</span> <span class='ocrx_word' id='word_1_568' title='bbox 430 3413 582 3452; x_wconf 87' lang='lat' dir='ltr'>Termino)</span> <span class='ocrx_word' id='word_1_569' title='bbox 602 3413 636 3444; x_wconf 90' lang='lat'>&amp;</span> <span class='ocrx_word' id='word_1_570' title='bbox 658 3414 688 3443; x_wconf 90' lang='lat' dir='ltr'>in</span> <span class='ocrx_word' id='word_1_571' title='bbox 704 3420 810 3450; x_wconf 85' lang='lat' dir='ltr'>partem</span> <span class='ocrx_word' id='word_1_572' title='bbox 829 3411 970 3444; x_wconf 87' lang='lat' dir='ltr'>solutionis</span> <span class='ocrx_word' id='word_1_573' title='bbox 989 3413 1098 3444; x_wconf 88' lang='lat' dir='ltr'>illarum</span> <span class='ocrx_word' id='word_1_574' title='bbox 1115 3414 1242 3446; x_wconf 89' lang='lat' dir='ltr'>Centum</span> 
     </span>
    </p>

    <p class='ocr_par' dir='ltr' id='par_1_39' title="bbox 178 3461 1241 3606">
     <span class='ocr_line' id='line_1_94' title="bbox 216 3461 1241 3530; baseline 0 -9"><span class='ocrx_word' id='word_1_575' title='bbox 216 3461 473 3528; x_wconf 47' lang='lat' dir='ltr'>lnuffliibuzrffigig</span> <span class='ocrx_word' id='word_1_576' title='bbox 481 3475 523 3520; x_wconf 68' lang='lat' dir='ltr'>&#39;de</span> <span class='ocrx_word' id='word_1_577' title='bbox 535 3489 638 3530; x_wconf 85' lang='lat' dir='ltr'>Bruys,</span> <span class='ocrx_word' id='word_1_578' title='bbox 657 3488 828 3520; x_wconf 88' lang='lat' dir='ltr'>Prisonarius</span> <span class='ocrx_word' id='word_1_579' title='bbox 838 3487 948 3527; x_wconf 85' lang='lat' dir='ltr'>noster,</span> <span class='ocrx_word' id='word_1_580' title='bbox 966 3488 1095 3527; x_wconf 82' lang='lat' dir='ltr'>Praelati,</span> <span class='ocrx_word' id='word_1_581' title='bbox 1114 3489 1241 3528; x_wconf 65' lang='lat' dir='ltr'>Magna-</span> 
     </span>
     <span class='ocr_line' id='line_1_95' title="bbox 178 3527 1240 3568; baseline 0 -8"><span class='ocrx_word' id='word_1_582' title='bbox 178 3538 236 3568; x_wconf 84' lang='lat' dir='ltr'>res,</span> <span class='ocrx_word' id='word_1_583' title='bbox 260 3528 452 3566; x_wconf 76' lang='lat' dir='ltr'>Mercatores,</span> <span class='ocrx_word' id='word_1_584' title='bbox 469 3530 503 3560; x_wconf 90' lang='lat'>&amp;</span> <span class='ocrx_word' id='word_1_585' title='bbox 524 3527 752 3559; x_wconf 84' lang='lat' dir='ltr'>Communitates</span> <span class='ocrx_word' id='word_1_586' title='bbox 775 3527 875 3564; x_wconf 86' lang='lat' dir='ltr'>Regni</span> <span class='ocrx_word' id='word_1_587' title='bbox 898 3527 1019 3565; x_wconf 80' lang='lat' dir='ltr'>Scotiae,</span> <span class='ocrx_word' id='word_1_588' title='bbox 1039 3538 1090 3565; x_wconf 86' lang='lat' dir='ltr'>pro</span> <span class='ocrx_word' id='word_1_589' title='bbox 1112 3528 1240 3560; x_wconf 90' lang='lat' dir='ltr'>Redem-</span> 
     </span>
     <span class='ocr_line' id='line_1_96' title="bbox 179 3565 1064 3606; baseline -0.003 -8"><span class='ocrx_word' id='word_1_590' title='bbox 179 3570 277 3606; x_wconf 90' lang='lat' dir='ltr'>ptione</span> <span class='ocrx_word' id='word_1_591' title='bbox 292 3568 325 3598; x_wconf 91' lang='lat'>&amp;</span> <span class='ocrx_word' id='word_1_592' title='bbox 340 3565 551 3596; x_wconf 86' lang='lat' dir='ltr'>Deliberatione</span> <span class='ocrx_word' id='word_1_593' title='bbox 563 3567 643 3606; x_wconf 88' lang='lat' dir='ltr'>ipsius</span> <span class='ocrx_word' id='word_1_594' title='bbox 658 3565 773 3605; x_wconf 91' lang='lat' dir='ltr'>David,</span> <span class='ocrx_word' id='word_1_595' title='bbox 789 3566 873 3596; x_wconf 87' lang='lat' dir='ltr'>nobis</span> <span class='ocrx_word' id='word_1_596' title='bbox 887 3565 1064 3604; x_wconf 83' lang='lat' dir='ltr'>obligantur,</span> 
     </span>
    </p>

    <p class='ocr_par' dir='ltr' id='par_1_40' title="bbox 216 3603 690 3642">
     <span class='ocr_line' id='line_1_97' title="bbox 216 3603 690 3642; baseline -0.006 -5"><span class='ocrx_word' id='word_1_597' title='bbox 216 3606 312 3637; x_wconf 88' lang='lat' dir='ltr'>Certis</span> <span class='ocrx_word' id='word_1_598' title='bbox 325 3604 469 3635; x_wconf 88' lang='lat' dir='ltr'>Terminis</span> <span class='ocrx_word' id='word_1_599' title='bbox 481 3603 671 3634; x_wconf 88' lang='lat' dir='ltr'>solvendarum</span> <span class='ocrx_word' id='word_1_600' title='bbox 680 3627 690 3642; x_wconf 93' lang='lat'>,</span> 
     </span>
    </p>

    <p class='ocr_par' dir='ltr' id='par_1_41' title="bbox 176 3641 1239 3954">
     <span class='ocr_line' id='line_1_98' title="bbox 215 3641 1238 3685; baseline -0.001 -9"><span class='ocrx_word' id='word_1_601' title='bbox 215 3645 243 3676; x_wconf 94' lang='lat' dir='ltr'><strong>A</strong></span> <span class='ocrx_word' id='word_1_602' title='bbox 265 3644 386 3685; x_wconf 83' lang='lat' dir='ltr'>praefatis</span> <span class='ocrx_word' id='word_1_603' title='bbox 426 3641 521 3672; x_wconf 91' lang='lat' dir='ltr'>David</span> <span class='ocrx_word' id='word_1_604' title='bbox 564 3641 702 3680; x_wconf 84' lang='lat' dir='ltr'>Praelatis,</span> <span class='ocrx_word' id='word_1_605' title='bbox 728 3641 927 3679; x_wconf 78' lang='lat' dir='ltr'>Magnatibus‚</span> <span class='ocrx_word' id='word_1_606' title='bbox 950 3641 1178 3682; x_wconf 81' lang='lat' dir='ltr'>Mercatoribus,</span> <span class='ocrx_word' id='word_1_607' title='bbox 1203 3645 1238 3675; x_wconf 90' lang='lat'>&amp;</span> 
     </span>
     <span class='ocr_line' id='line_1_99' title="bbox 177 3663 1238 3723; baseline -0.001 -9"><span class='ocrx_word' id='word_1_608' title='bbox 177 3667 442 3714; x_wconf 65' lang='lat' dir='ltr'>Communitatibus</span> <span class='ocrx_word' id='word_1_609' title='bbox 462 3679 498 3710; x_wconf 92' lang='lat' dir='ltr'>de</span> <span class='ocrx_word' id='word_1_610' title='bbox 518 3663 636 3723; x_wconf 63' lang='lat' dir='ltr'>S’cotia,¹</span> <span class='ocrx_word' id='word_1_611' title='bbox 655 3690 705 3717; x_wconf 87' lang='lat' dir='ltr'>per</span> <span class='ocrx_word' id='word_1_612' title='bbox 721 3689 836 3717; x_wconf 88' lang='lat' dir='ltr'>manus,</span> <span class='ocrx_word' id='word_1_613' title='bbox 859 3679 967 3723; x_wconf 76' lang='lat' dir='ltr'>Dilecti</span> <span class='ocrx_word' id='word_1_614' title='bbox 986 3681 1071 3710; x_wconf 87' lang='lat' dir='ltr'>nobis</span> <span class='ocrx_word' id='word_1_615' title='bbox 1101 3681 1238 3718; x_wconf 79' lang='lat' dir='ltr'>johannis</span> 
     </span>
     <span class='ocr_line' id='line_1_100' title="bbox 178 3704 1237 3761; baseline -0.002 -9"><span class='ocrx_word' id='word_1_616' title='bbox 178 3722 215 3752; x_wconf 92' lang='lat' dir='ltr'>de</span> <span class='ocrx_word' id='word_1_617' title='bbox 236 3720 419 3759; x_wconf 87' lang='lat' dir='ltr'>Coupeland,</span> <span class='ocrx_word' id='word_1_618' title='bbox 445 3717 580 3749; x_wconf 87' lang='lat' dir='ltr'>Custodis</span> <span class='ocrx_word' id='word_1_619' title='bbox 600 3717 684 3761; x_wconf 63' lang='lat' dir='ltr'>Villae</span> <span class='ocrx_word' id='word_1_620' title='bbox 702 3717 804 3748; x_wconf 85' lang='lat' dir='ltr'>nostrae</span> <span class='ocrx_word' id='word_1_621' title='bbox 823 3718 956 3749; x_wconf 86' lang='lat' dir='ltr'>Berewici</span> <span class='ocrx_word' id='word_1_622' title='bbox 977 3717 1055 3756; x_wconf 91' lang='lat' dir='ltr'>super</span> <span class='ocrx_word' id='word_1_623' title='bbox 1076 3704 1237 3760; x_wconf 69' lang='grc' dir='ltr'>ζΓ1116613111,</span> 
     </span>
     <span class='ocr_line' id='line_1_101' title="bbox 179 3754 1239 3798; baseline -0.002 -7"><span class='ocrx_word' id='word_1_624' title='bbox 179 3760 333 3798; x_wconf 72' lang='lat' dir='ltr'>recepisse,</span> <span class='ocrx_word' id='word_1_625' title='bbox 354 3759 388 3790; x_wconf 68' lang='grc' dir='ltr'>ὃς</span> <span class='ocrx_word' id='word_1_626' title='bbox 411 3757 578 3796; x_wconf 67' lang='lat' dir='ltr'>praedietos,</span> <span class='ocrx_word' id='word_1_627' title='bbox 601 3754 714 3793; x_wconf 80' lang='lat' dir='ltr'>David,</span> <span class='ocrx_word' id='word_1_628' title='bbox 740 3755 887 3798; x_wconf 83' lang='lat' dir='ltr'>Praelatos,</span> <span class='ocrx_word' id='word_1_629' title='bbox 910 3755 1072 3794; x_wconf 78' lang='lat' dir='ltr'>Magnates,</span> <span class='ocrx_word' id='word_1_630' title='bbox 1091 3757 1239 3789; x_wconf 83' lang='lat' dir='ltr'>Mercato-</span> 
     </span>
     <span class='ocr_line' id='line_1_102' title="bbox 179 3792 1238 3836; baseline 0 -9"><span class='ocrx_word' id='word_1_631' title='bbox 179 3807 222 3828; x_wconf 90' lang='lat' dir='ltr'>res</span> <span class='ocrx_word' id='word_1_632' title='bbox 257 3800 291 3830; x_wconf 91' lang='lat'>&amp;</span> <span class='ocrx_word' id='word_1_633' title='bbox 306 3798 471 3834; x_wconf 82' lang='lat' dir='ltr'>Comunes,</span> <span class='ocrx_word' id='word_1_634' title='bbox 489 3795 524 3825; x_wconf 94' lang='lat' dir='ltr'>de</span> <span class='ocrx_word' id='word_1_635' title='bbox 538 3793 640 3824; x_wconf 91' lang='lat' dir='ltr'>eisdem</span> <span class='ocrx_word' id='word_1_636' title='bbox 656 3793 768 3824; x_wconf 89' lang='lat' dir='ltr'>Decem</span> <span class='ocrx_word' id='word_1_637' title='bbox 789 3793 910 3836; x_wconf 85' lang='lat' dir='ltr'>Milibus</span> <span class='ocrx_word' id='word_1_638' title='bbox 925 3792 1091 3836; x_wconf 84' lang='lat' dir='ltr'>Marcarum</span> <span class='ocrx_word' id='word_1_639' title='bbox 1107 3805 1238 3827; x_wconf 81' lang='lat' dir='ltr'>exonera-</span> 
     </span>
     <span class='ocr_line' id='line_1_103' title="bbox 176 3820 1236 3903; baseline -0.004 -36"><span class='ocrx_word' id='word_1_640' title='bbox 176 3820 307 3903; x_wconf 44' lang='lat' dir='ltr'>musffi&amp;</span> <span class='ocrx_word' id='word_1_641' title='bbox 326 3836 484 3883; x_wconf 43' lang='lat' dir='ltr'>qui-eramus</span> <span class='ocrx_word' id='word_1_642' title='bbox 503 3843 551 3872; x_wconf 87' lang='lat' dir='ltr'>per</span> <span class='ocrx_word' id='word_1_643' title='bbox 565 3831 726 3876; x_wconf 66' lang='lat' dir='ltr'>praesentes,</span> <span class='ocrx_word' id='word_1_644' title='bbox 751 3839 858 3874; x_wconf 76' lang='lat' dir='ltr'>caeteris</span> <span class='ocrx_word' id='word_1_645' title='bbox 876 3832 1023 3876; x_wconf 81' lang='lat' dir='ltr'>omnibus,</span> <span class='ocrx_word' id='word_1_646' title='bbox 1050 3834 1078 3862; x_wconf 90' lang='lat' dir='ltr'>in</span> <span class='ocrx_word' id='word_1_647' title='bbox 1091 3832 1236 3877; x_wconf 34' lang='lat' dir='ltr'>⁸¹]&#39;.&#39;&#39;r:i‹statii</span> 
     </span>
     <span class='ocr_line' id='line_1_104' title="bbox 176 3869 1238 3954; baseline -0.001 -49"><span class='ocrx_word' id='word_1_648' title='bbox 176 3870 753 3954; x_wconf 46' lang='grc' dir='ltr'>[δεξιάς,οἳξοέξὲειῶζὲξὲᾌξξέὲῗίεὸιίπιοηε</span> <span class='ocrx_word' id='word_1_649' title='bbox 772 3869 1012 3952; x_wconf 44' lang='lat' dir='ltr'>praedistinDawd</span> <span class='ocrx_word' id='word_1_650' title='bbox 1033 3870 1150 3911; x_wconf 83' lang='lat' dir='ltr'>habitis,</span> <span class='ocrx_word' id='word_1_651' title='bbox 1167 3883 1238 3904; x_wconf 83' lang='lat' dir='ltr'>con-</span> 
     </span>
    </p>

    <p class='ocr_par' dir='ltr' id='par_1_42' title="bbox 215 3945 934 3987">
     <span class='ocr_line' id='line_1_105' title="bbox 215 3945 934 3987; baseline -0.004 -8"><span class='ocrx_word' id='word_1_652' title='bbox 215 3948 283 3980; x_wconf 88' lang='lat' dir='ltr'>Dat.</span> <span class='ocrx_word' id='word_1_653' title='bbox 295 3949 369 3987; x_wconf 88' lang='lat' dir='ltr'>apud</span> <span class='ocrx_word' id='word_1_654' title='bbox 386 3949 514 3981; x_wconf 87' lang='lat' dir='ltr'>Westm.</span> <span class='ocrx_word' id='word_1_655' title='bbox 527 3948 664 3982; x_wconf 85' lang='lat' dir='ltr'>vicesimo</span> <span class='ocrx_word' id='word_1_656' title='bbox 680 3954 777 3987; x_wconf 85' lang='lat' dir='ltr'>quarto</span> <span class='ocrx_word' id='word_1_657' title='bbox 791 3946 836 3977; x_wconf 89' lang='lat' dir='ltr'>die</span> <span class='ocrx_word' id='word_1_658' title='bbox 847 3945 934 3985; x_wconf 87' lang='lat' dir='ltr'>Junii.</span> 
     </span>
    </p>
   </div>
   <div class='ocr_carea' id='block_1_22' title="bbox 209 4021 1183 4118">
    <p class='ocr_par' dir='ltr' id='par_1_43' title="bbox 209 4021 1183 4118">
     <span class='ocr_line' id='line_1_106' title="bbox 918 4021 1183 4063; baseline 0.008 -11"><span class='ocrx_word' id='word_1_659' title='bbox 918 4023 971 4052; x_wconf 88' lang='lat' dir='ltr'>Per</span> <span class='ocrx_word' id='word_1_660' title='bbox 985 4021 1065 4062; x_wconf 82' lang='lat' dir='ltr'>ipsum</span> <span class='ocrx_word' id='word_1_661' title='bbox 1080 4026 1183 4063; x_wconf 83' lang='lat' dir='ltr'>Regem.</span> 
     </span>
     <span class='ocr_line' id='line_1_107' title="bbox 209 4085 450 4118; baseline -0.025 0"><span class='ocrx_word' id='word_1_662' title='bbox 209 4088 282 4118; x_wconf 72' lang='lat' dir='ltr'>Tbm.</span> <span class='ocrx_word' id='word_1_663' title='bbox 299 4086 358 4116; x_wconf 87' lang='grc' dir='ltr'>ῙΠ.</span> <span class='ocrx_word' id='word_1_664' title='bbox 377 4085 408 4114; x_wconf 92' lang='grc' dir='ltr'>Ρ.</span> <span class='ocrx_word' id='word_1_665' title='bbox 426 4086 450 4113; x_wconf 87' lang='lat' dir='ltr'>I.</span> 
     </span>
    </p>
   </div>
   <div class='ocr_carea' id='block_1_23' title="bbox 1310 159 1786 205">
    <p class='ocr_par' dir='ltr' id='par_1_44' title="bbox 1310 159 1786 205">
     <span class='ocr_line' id='line_1_108' title="bbox 1310 159 1786 205; baseline 0.006 -6"><span class='ocrx_word' id='word_1_666' title='bbox 1310 159 1786 205; x_wconf 81' lang='lat' dir='ltr'>PUBLICA.</span> 
     </span>
    </p>
   </div>
   <div class='ocr_carea' id='block_1_24' title="bbox 2279 183 2511 287">
    <p class='ocr_par' dir='ltr' id='par_1_45' title="bbox 2279 183 2511 287">
     <span class='ocr_line' id='line_1_109' title="bbox 2279 183 2351 211; baseline 0.014 -1"><span class='ocrx_word' id='word_1_667' title='bbox 2279 183 2351 211; x_wconf 74' lang='lat'>211</span> 
     </span>
     <span class='ocr_line' id='line_1_110' title="bbox 2376 251 2511 287; baseline 0.022 -5"><span class='ocrx_word' id='word_1_668' title='bbox 2376 251 2442 282; x_wconf 81' lang='lat' dir='ltr'>Ann</span> <span class='ocrx_word' id='word_1_669' title='bbox 2470 252 2511 287; x_wconf 55' lang='lat' dir='ltr'>D,</span> 
     </span>
    </p>
   </div>
   <div class='ocr_carea' id='block_1_25' title="bbox 1292 295 2486 431">
    <p class='ocr_par' dir='ltr' id='par_1_46' title="bbox 1292 295 2486 431">
     <span class='ocr_line' id='line_1_111' title="bbox 2404 295 2484 319; baseline 0 0"><span class='ocrx_word' id='word_1_670' title='bbox 2404 300 2414 319; x_wconf 82' lang='lat'>1</span> <span class='ocrx_word' id='word_1_671' title='bbox 2441 295 2484 319; x_wconf 75' lang='lat'>60.</span> 
     </span>
     <span class='ocr_line' id='line_1_112' title="bbox 1292 301 2486 377; baseline 0.008 -17"><span class='ocrx_word' id='word_1_672' title='bbox 1292 331 1373 374; x_wconf 72' lang='lat' dir='ltr'>Papae</span> <span class='ocrx_word' id='word_1_673' title='bbox 1392 331 1497 362; x_wconf 67' lang='lat' dir='ltr'>Lirem</span> <span class='ocrx_word' id='word_1_674' title='bbox 1508 331 1597 377; x_wconf 71' lang='lat' dir='ltr'>super</span> <span class='ocrx_word' id='word_1_675' title='bbox 1616 332 1734 365; x_wconf 67' lang='lat' dir='ltr'>Gaudio</span> <span class='ocrx_word' id='word_1_676' title='bbox 1753 335 1788 370; x_wconf 59' lang='lat' dir='ltr'>ej*</span> <span class='ocrx_word' id='word_1_677' title='bbox 1808 334 2003 366; x_wconf 68' lang='lat' dir='ltr'>Exultaeione</span> <span class='ocrx_word' id='word_1_678' title='bbox 2021 345 2133 369; x_wconf 66' lang='lat' dir='ltr'>promer</span> <span class='ocrx_word' id='word_1_679' title='bbox 2150 338 2276 376; x_wconf 76' lang='lat' dir='ltr'>Pacem,</span> <span class='ocrx_word' id='word_1_680' title='bbox 2306 341 2352 370; x_wconf 73' lang='lat' dir='ltr'>in-</span> <span class='ocrx_word' id='word_1_681' title='bbox 2372 301 2486 366; x_wconf 59' lang='lat' dir='ltr'>‘qn-334*</span> 
     </span>
     <span class='ocr_line' id='line_1_113' title="bbox 1337 372 2431 431; baseline 0.009 -22"><span class='ocrx_word' id='word_1_682' title='bbox 1337 387 1383 409; x_wconf 84' lang='lat' dir='ltr'>rer</span> <span class='ocrx_word' id='word_1_683' title='bbox 1409 381 1499 424; x_wconf 78' lang='lat' dir='ltr'>Reges</span> <span class='ocrx_word' id='word_1_684' title='bbox 1524 381 1637 426; x_wconf 77' lang='lat' dir='ltr'>Angliae</span> <span class='ocrx_word' id='word_1_685' title='bbox 1667 385 1704 419; x_wconf 40' lang='grc' dir='ltr'>(3ἢ</span> <span class='ocrx_word' id='word_1_686' title='bbox 1734 383 1882 423; x_wconf 79' lang='lat' dir='ltr'>Franciae,</span> <span class='ocrx_word' id='word_1_687' title='bbox 1916 382 2134 425; x_wconf 75' lang='lat' dir='ltr'>reformatam,</span> <span class='ocrx_word' id='word_1_688' title='bbox 2169 388 2205 423; x_wconf 50' lang='grc' dir='ltr'><em>Θ</em></span> <span class='ocrx_word' id='word_1_689' title='bbox 2232 385 2269 418; x_wconf 79' lang='lat' dir='ltr'>de</span> <span class='ocrx_word' id='word_1_690' title='bbox 2295 390 2352 419; x_wconf 78' lang='lat' dir='ltr'>Re·</span> <span class='ocrx_word' id='word_1_691' title='bbox 2372 372 2431 431; x_wconf 45' lang='lat' dir='ltr'>{f</span> 
     </span>
    </p>
   </div>
   <div class='ocr_carea' id='block_1_26' title="bbox 1328 390 2485 479">
    <p class='ocr_par' dir='ltr' id='par_1_47' title="bbox 1328 390 2485 479">
     <span class='ocr_line' id='line_1_114' title="bbox 1654 390 2485 437; baseline 0.014 -16"><span class='ocrx_word' id='word_1_692' title='bbox 1654 432 1658 436; x_wconf 26' lang='lat'>⁵</span> <span class='ocrx_word' id='word_1_693' title='bbox 1714 432 1718 437; x_wconf 18' lang='grc' dir='ltr'><strong><em>ἢ</em></strong></span> <span class='ocrx_word' id='word_1_694' title='bbox 1891 432 1895 437; x_wconf 44' lang='grc'><strong><em>,</em></strong></span> <span class='ocrx_word' id='word_1_695' title='bbox 2428 390 2485 433; x_wconf 59' lang='lat' dir='ltr'>aa·</span> 
     </span>
     <span class='ocr_line' id='line_1_115' title="bbox 1328 425 2435 479; baseline 0.013 -23"><span class='ocrx_word' id='word_1_696' title='bbox 1328 425 1471 469; x_wconf 79' lang='lat' dir='ltr'>sponfione</span> <span class='ocrx_word' id='word_1_697' title='bbox 1494 427 1538 460; x_wconf 77' lang='lat' dir='ltr'>ced</span> <span class='ocrx_word' id='word_1_698' title='bbox 1557 429 1807 474; x_wconf 69' lang='lat' dir='ltr'>Supplicationum</span> <span class='ocrx_word' id='word_1_699' title='bbox 1823 430 1975 474; x_wconf 66' lang='lat' dir='ltr'>Caph‘ula.</span> <span class='ocrx_word' id='word_1_700' title='bbox 2370 451 2435 479; x_wconf 72' lang='lat' dir='ltr'>mgr.</span> 
     </span>
    </p>
   </div>
   <div class='ocr_carea' id='block_1_27' title="bbox 2175 289 2351 297">
    <p class='ocr_par' dir='ltr' id='par_1_48' title="bbox 2175 289 2351 297">
     <span class='ocr_line' id='line_1_116' title="bbox 2175 289 2351 297; baseline 0 3954"><span class='ocrx_word' id='word_1_701' title='bbox 2175 289 2351 297; x_wconf 95' lang='lat' dir='ltr'> </span> 
     </span>
    </p>
   </div>
   <div class='ocr_carea' id='block_1_28' title="bbox 1281 487 2363 1823">
    <p class='ocr_par' dir='ltr' id='par_1_49' title="bbox 1290 487 2352 541">
     <span class='ocr_line' id='line_1_117' title="bbox 1290 487 2352 541; baseline 0.006 -24"><span class='ocrx_word' id='word_1_702' title='bbox 1290 487 1351 541; x_wconf 83' lang='lat' dir='ltr'>IN</span> <span class='ocrx_word' id='word_1_703' title='bbox 1353 490 1498 519; x_wconf 89' lang='lat' dir='ltr'>nocentius</span> <span class='ocrx_word' id='word_1_704' title='bbox 1512 489 1665 528; x_wconf 80' lang='lat' dir='ltr'>Episcopus</span> <span class='ocrx_word' id='word_1_705' title='bbox 1697 490 1799 521; x_wconf 87' lang='lat' dir='ltr'>Servus</span> <span class='ocrx_word' id='word_1_706' title='bbox 1813 491 1964 522; x_wconf 65' lang='lat' dir='ltr'>Servorum</span> <span class='ocrx_word' id='word_1_707' title='bbox 1977 491 2034 522; x_wconf 86' lang='lat' dir='ltr'>Dei</span> <span class='ocrx_word' id='word_1_708' title='bbox 2069 493 2209 524; x_wconf 76' lang='lat' dir='ltr'>carisiimo</span> <span class='ocrx_word' id='word_1_709' title='bbox 2223 495 2252 524; x_wconf 79' lang='lat' dir='ltr'>in</span> <span class='ocrx_word' id='word_1_710' title='bbox 2267 493 2352 525; x_wconf 88' lang='lat' dir='ltr'>Chri-</span> 
     </span>
    </p>

    <p class='ocr_par' dir='ltr' id='par_1_50' title="bbox 1290 513 2352 596">
     <span class='ocr_line' id='line_1_118' title="bbox 1303 513 2352 571; baseline 0.008 -15"><span class='ocrx_word' id='word_1_711' title='bbox 1303 564 1308 569; x_wconf 32' lang='lat'>,</span> <span class='ocrx_word' id='word_1_712' title='bbox 1334 525 1377 557; x_wconf 93' lang='lat' dir='ltr'>sto</span> <span class='ocrx_word' id='word_1_713' title='bbox 1393 526 1465 557; x_wconf 90' lang='lat' dir='ltr'>Filio</span> <span class='ocrx_word' id='word_1_714' title='bbox 1480 526 1641 570; x_wconf 76' lang='lat' dir='ltr'>Edwardo,</span> <span class='ocrx_word' id='word_1_715' title='bbox 1662 513 1741 566; x_wconf 78' lang='lat' dir='ltr'>Regi</span> <span class='ocrx_word' id='word_1_716' title='bbox 1762 530 1877 567; x_wconf 79' lang='lat' dir='ltr'>Angliae</span> <span class='ocrx_word' id='word_1_717' title='bbox 1900 530 2000 560; x_wconf 72' lang='lat' dir='ltr'>illustri</span> <span class='ocrx_word' id='word_1_718' title='bbox 2025 530 2157 569; x_wconf 42' lang='lat' dir='ltr'>:Salutem</span> <span class='ocrx_word' id='word_1_719' title='bbox 2177 534 2209 564; x_wconf 67' lang='grc' dir='ltr'>ὃς</span> <span class='ocrx_word' id='word_1_720' title='bbox 2226 533 2352 571; x_wconf 82' lang='lat' dir='ltr'>Aposto-</span> 
     </span>
     <span class='ocr_line' id='line_1_119' title="bbox 1290 563 1630 596; baseline 0.009 -3"><span class='ocrx_word' id='word_1_721' title='bbox 1290 563 1374 594; x_wconf 87' lang='lat' dir='ltr'>licam</span> <span class='ocrx_word' id='word_1_722' title='bbox 1389 564 1630 596; x_wconf 68' lang='lat' dir='ltr'>Benedic‘tionem.</span> 
     </span>
    </p>

    <p class='ocr_par' dir='ltr' id='par_1_51' title="bbox 1281 601 2351 951">
     <span class='ocr_line' id='line_1_120' title="bbox 1311 601 2351 647; baseline 0.008 -16"><span class='ocrx_word' id='word_1_723' title='bbox 1311 601 1368 644; x_wconf 31' lang='lat' dir='ltr'>*Ex</span> <span class='ocrx_word' id='word_1_724' title='bbox 1383 603 1509 633; x_wconf 88' lang='lat' dir='ltr'>felicibus</span> <span class='ocrx_word' id='word_1_725' title='bbox 1524 612 1635 635; x_wconf 88' lang='lat' dir='ltr'>tuorum</span> <span class='ocrx_word' id='word_1_726' title='bbox 1649 604 1700 642; x_wconf 71' lang='grc' dir='ltr'>ὃς,</span> <span class='ocrx_word' id='word_1_727' title='bbox 1718 603 1848 635; x_wconf 84' lang='lat' dir='ltr'>cariffimi</span> <span class='ocrx_word' id='word_1_728' title='bbox 1862 606 1891 636; x_wconf 87' lang='lat' dir='ltr'>in</span> <span class='ocrx_word' id='word_1_729' title='bbox 1908 605 2025 637; x_wconf 81' lang='lat' dir='ltr'>Christo</span> <span class='ocrx_word' id='word_1_730' title='bbox 2043 607 2104 638; x_wconf 88' lang='lat' dir='ltr'>Filii</span> <span class='ocrx_word' id='word_1_731' title='bbox 2125 607 2230 646; x_wconf 90' lang='lat' dir='ltr'>nostri,</span> <span class='ocrx_word' id='word_1_732' title='bbox 2245 609 2351 647; x_wconf 78' lang='lat' dir='ltr'>Johan-</span> 
     </span>
     <span class='ocr_line' id='line_1_121' title="bbox 1286 639 2351 683; baseline 0.008 -14"><span class='ocrx_word' id='word_1_733' title='bbox 1286 649 1330 668; x_wconf 88' lang='lat' dir='ltr'>ms</span> <span class='ocrx_word' id='word_1_734' title='bbox 1344 639 1430 679; x_wconf 85' lang='lat' dir='ltr'>Regis</span> <span class='ocrx_word' id='word_1_735' title='bbox 1443 641 1616 672; x_wconf 84' lang='lat' dir='ltr'>Francorum</span> <span class='ocrx_word' id='word_1_736' title='bbox 1639 642 1750 672; x_wconf 88' lang='lat' dir='ltr'>Illustris</span> <span class='ocrx_word' id='word_1_737' title='bbox 1766 642 1950 674; x_wconf 89' lang='lat' dir='ltr'>Nunciorum</span> <span class='ocrx_word' id='word_1_738' title='bbox 1974 645 2133 683; x_wconf 84' lang='lat' dir='ltr'>Relatibus,</span> <span class='ocrx_word' id='word_1_739' title='bbox 2152 646 2220 676; x_wconf 80' lang='lat' dir='ltr'>laetis</span> <span class='ocrx_word' id='word_1_740' title='bbox 2238 649 2351 679; x_wconf 89' lang='lat' dir='ltr'>auribus</span> 
     </span>
     <span class='ocr_line' id='line_1_122' title="bbox 1284 677 2348 721; baseline 0.008 -13"><span class='ocrx_word' id='word_1_741' title='bbox 1284 677 1319 718; x_wconf 67' lang='grc' dir='ltr'>βε</span> <span class='ocrx_word' id='word_1_742' title='bbox 1335 680 1517 709; x_wconf 85' lang='lat' dir='ltr'>exultantibus</span> <span class='ocrx_word' id='word_1_743' title='bbox 1535 681 1635 710; x_wconf 88' lang='lat' dir='ltr'>animis</span> <span class='ocrx_word' id='word_1_744' title='bbox 1655 689 1742 719; x_wconf 87' lang='lat' dir='ltr'>nuper</span> <span class='ocrx_word' id='word_1_745' title='bbox 1763 682 1902 719; x_wconf 88' lang='lat' dir='ltr'>acceptis,</span> <span class='ocrx_word' id='word_1_746' title='bbox 1921 684 1999 721; x_wconf 82' lang='lat' dir='ltr'>quod</span> <span class='ocrx_word' id='word_1_747' title='bbox 2022 685 2093 714; x_wconf 87' lang='lat' dir='ltr'>inter</span> <span class='ocrx_word' id='word_1_748' title='bbox 2114 684 2162 714; x_wconf 86' lang='lat' dir='ltr'>Te</span> <span class='ocrx_word' id='word_1_749' title='bbox 2175 686 2209 716; x_wconf 62' lang='grc' dir='ltr'>ὃς</span> <span class='ocrx_word' id='word_1_750' title='bbox 2231 684 2348 721; x_wconf 82' lang='lat' dir='ltr'>Regem</span> 
     </span>
     <span class='ocr_line' id='line_1_123' title="bbox 1284 713 2348 760; baseline 0.009 -16"><span class='ocrx_word' id='word_1_751' title='bbox 1284 713 1393 754; x_wconf 82' lang='lat' dir='ltr'>lpsum,</span> <span class='ocrx_word' id='word_1_752' title='bbox 1414 718 1522 747; x_wconf 79' lang='lat' dir='ltr'>Actore</span> <span class='ocrx_word' id='word_1_753' title='bbox 1539 719 1623 757; x_wconf 91' lang='lat' dir='ltr'>Deo,</span> <span class='ocrx_word' id='word_1_754' title='bbox 1644 718 1701 748; x_wconf 98' lang='lat' dir='ltr'>Pax</span> <span class='ocrx_word' id='word_1_755' title='bbox 1715 717 1755 748; x_wconf 89' lang='lat' dir='ltr'>est</span> <span class='ocrx_word' id='word_1_756' title='bbox 1770 719 1908 749; x_wconf 85' lang='lat' dir='ltr'>salubriter</span> <span class='ocrx_word' id='word_1_757' title='bbox 1923 720 2086 760; x_wconf 86' lang='lat' dir='ltr'>reformata,</span> <span class='ocrx_word' id='word_1_758' title='bbox 2104 730 2180 753; x_wconf 87' lang='lat' dir='ltr'>tanto</span> <span class='ocrx_word' id='word_1_759' title='bbox 2200 723 2266 753; x_wconf 80' lang='lat' dir='ltr'>inde</span> <span class='ocrx_word' id='word_1_760' title='bbox 2286 723 2348 755; x_wconf 88' lang='lat' dir='ltr'>sunt</span> 
     </span>
     <span class='ocr_line' id='line_1_124' title="bbox 1286 751 2349 799; baseline 0.009 -17"><span class='ocrx_word' id='word_1_761' title='bbox 1286 751 1380 797; x_wconf 81' lang='lat' dir='ltr'>nostra</span> <span class='ocrx_word' id='word_1_762' title='bbox 1395 754 1429 784; x_wconf 86' lang='lat'>&amp;</span> <span class='ocrx_word' id='word_1_763' title='bbox 1444 755 1619 792; x_wconf 84' lang='lat' dir='ltr'>Apostolicae</span> <span class='ocrx_word' id='word_1_764' title='bbox 1633 755 1712 786; x_wconf 88' lang='lat' dir='ltr'>Sedis</span> <span class='ocrx_word' id='word_1_765' title='bbox 1734 756 1820 786; x_wconf 88' lang='lat' dir='ltr'>corda</span> <span class='ocrx_word' id='word_1_766' title='bbox 1840 757 1987 795; x_wconf 80' lang='lat' dir='ltr'>ingentiori</span> <span class='ocrx_word' id='word_1_767' title='bbox 2003 759 2118 790; x_wconf 88' lang='lat' dir='ltr'>Gaudio</span> <span class='ocrx_word' id='word_1_768' title='bbox 2132 763 2166 793; x_wconf 88' lang='lat'>&amp;</span> <span class='ocrx_word' id='word_1_769' title='bbox 2183 761 2283 799; x_wconf 85' lang='lat' dir='ltr'>majori</span> <span class='ocrx_word' id='word_1_770' title='bbox 2294 761 2349 799; x_wconf 90' lang='lat' dir='ltr'>Jo-</span> 
     </span>
     <span class='ocr_line' id='line_1_125' title="bbox 1286 791 2349 835; baseline 0.01 -16"><span class='ocrx_word' id='word_1_771' title='bbox 1286 791 1430 835; x_wconf 71' lang='lat' dir='ltr'>cunditate</span> <span class='ocrx_word' id='word_1_772' title='bbox 1444 793 1563 831; x_wconf 82' lang='lat' dir='ltr'>repleta,</span> <span class='ocrx_word' id='word_1_773' title='bbox 1600 802 1685 824; x_wconf 89' lang='lat' dir='ltr'>uanto</span> <span class='ocrx_word' id='word_1_774' title='bbox 1699 802 1732 823; x_wconf 89' lang='lat' dir='ltr'>ex</span> <span class='ocrx_word' id='word_1_775' title='bbox 1747 793 1866 824; x_wconf 90' lang='lat' dir='ltr'>Guerris</span> <span class='ocrx_word' id='word_1_776' title='bbox 1879 797 1913 826; x_wconf 89' lang='lat'>&amp;</span> <span class='ocrx_word' id='word_1_777' title='bbox 1928 795 2148 829; x_wconf 83' lang='lat' dir='ltr'>Diffensionibus</span> <span class='ocrx_word' id='word_1_778' title='bbox 2168 799 2264 829; x_wconf 88' lang='lat' dir='ltr'>vestris</span> <span class='ocrx_word' id='word_1_779' title='bbox 2286 800 2349 830; x_wconf 85' lang='lat' dir='ltr'>diu-</span> 
     </span>
     <span class='ocr_line' id='line_1_126' title="bbox 1286 830 2349 875; baseline 0.011 -18"><span class='ocrx_word' id='word_1_780' title='bbox 1286 836 1341 870; x_wconf 71' lang='lat' dir='ltr'>tius</span> <span class='ocrx_word' id='word_1_781' title='bbox 1356 830 1575 861; x_wconf 87' lang='lat' dir='ltr'>vehementioris</span> <span class='ocrx_word' id='word_1_782' title='bbox 1621 832 1707 861; x_wconf 89' lang='lat' dir='ltr'>oloris</span> <span class='ocrx_word' id='word_1_783' title='bbox 1722 833 1874 868; x_wconf 74' lang='lat' dir='ltr'>punCturas</span> <span class='ocrx_word' id='word_1_784' title='bbox 1888 834 1918 862; x_wconf 92' lang='lat' dir='ltr'>in</span> <span class='ocrx_word' id='word_1_785' title='bbox 1936 843 2029 865; x_wconf 84' lang='lat' dir='ltr'>mente</span> <span class='ocrx_word' id='word_1_786' title='bbox 2045 837 2223 875; x_wconf 80' lang='lat' dir='ltr'>pertulimus,</span> <span class='ocrx_word' id='word_1_787' title='bbox 2239 838 2272 868; x_wconf 89' lang='lat'>&amp;</span> <span class='ocrx_word' id='word_1_788' title='bbox 2288 848 2349 868; x_wconf 90' lang='lat' dir='ltr'>ma-</span> 
     </span>
     <span class='ocr_line' id='line_1_127' title="bbox 1281 867 2350 914; baseline 0.013 -20"><span class='ocrx_word' id='word_1_789' title='bbox 1281 875 1347 909; x_wconf 76' lang='lat' dir='ltr'>jora</span> <span class='ocrx_word' id='word_1_790' title='bbox 1357 876 1391 910; x_wconf 82' lang='lat' dir='ltr'>ex</span> <span class='ocrx_word' id='word_1_791' title='bbox 1406 867 1481 898; x_wconf 85' lang='lat' dir='ltr'>Pace</span> <span class='ocrx_word' id='word_1_792' title='bbox 1494 868 1549 906; x_wconf 86' lang='lat' dir='ltr'>ipsa</span> <span class='ocrx_word' id='word_1_793' title='bbox 1563 868 1697 907; x_wconf 79' lang='lat' dir='ltr'>Mundo,</span> <span class='ocrx_word' id='word_1_794' title='bbox 1714 870 1891 908; x_wconf 69' lang='lat' dir='ltr'>Cunetisque</span> <span class='ocrx_word' id='word_1_795' title='bbox 1905 872 2054 910; x_wconf 80' lang='lat' dir='ltr'>praesertim</span> <span class='ocrx_word' id='word_1_796' title='bbox 2073 874 2229 913; x_wconf 83' lang='lat' dir='ltr'>Fidelibus,</span> <span class='ocrx_word' id='word_1_797' title='bbox 2247 884 2350 914; x_wconf 80' lang='lat' dir='ltr'>optatae</span> 
     </span>
     <span class='ocr_line' id='line_1_128' title="bbox 1287 903 1922 951; baseline 0.009 -18"><span class='ocrx_word' id='word_1_798' title='bbox 1287 903 1399 951; x_wconf 66' lang='lat' dir='ltr'>Quietis</span> <span class='ocrx_word' id='word_1_799' title='bbox 1409 906 1548 943; x_wconf 89' lang='lat' dir='ltr'>speramus</span> <span class='ocrx_word' id='word_1_800' title='bbox 1561 906 1725 939; x_wconf 88' lang='lat' dir='ltr'>Commoda</span> <span class='ocrx_word' id='word_1_801' title='bbox 1739 917 1905 945; x_wconf 80' lang='lat' dir='ltr'>proventura</span> <span class='ocrx_word' id='word_1_802' title='bbox 1912 932 1922 947; x_wconf 87' lang='lat'>,</span> 
     </span>
    </p>

    <p class='ocr_par' dir='ltr' id='par_1_52' title="bbox 1285 941 2353 1097">
     <span class='ocr_line' id='line_1_129' title="bbox 1322 941 2351 987; baseline 0.01 -14"><span class='ocrx_word' id='word_1_803' title='bbox 1322 941 1448 987; x_wconf 65' lang='lat' dir='ltr'>indeque</span> <span class='ocrx_word' id='word_1_804' title='bbox 1464 945 1537 984; x_wconf 86' lang='lat' dir='ltr'>Regi</span> <span class='ocrx_word' id='word_1_805' title='bbox 1551 945 1690 984; x_wconf 90' lang='lat' dir='ltr'>pacifico,</span> <span class='ocrx_word' id='word_1_806' title='bbox 1710 949 1757 984; x_wconf 89' lang='lat' dir='ltr'>qui</span> <span class='ocrx_word' id='word_1_807' title='bbox 1772 947 1828 978; x_wconf 91' lang='lat' dir='ltr'>hoc</span> <span class='ocrx_word' id='word_1_808' title='bbox 1846 950 2022 985; x_wconf 89' lang='lat' dir='ltr'>temporibus</span> <span class='ocrx_word' id='word_1_809' title='bbox 2043 949 2144 980; x_wconf 88' lang='lat' dir='ltr'>nostris</span> <span class='ocrx_word' id='word_1_810' title='bbox 2158 950 2193 981; x_wconf 89' lang='lat' dir='ltr'>de</span> <span class='ocrx_word' id='word_1_811' title='bbox 2214 951 2258 982; x_wconf 93' lang='lat' dir='ltr'>sua</span> <span class='ocrx_word' id='word_1_812' title='bbox 2270 953 2351 984; x_wconf 75' lang='lat' dir='ltr'>mise-</span> 
     </span>
     <span class='ocr_line' id='line_1_130' title="bbox 1285 984 2352 1028; baseline 0.01 -18"><span class='ocrx_word' id='word_1_813' title='bbox 1285 988 1391 1012; x_wconf 88' lang='lat' dir='ltr'>ratione</span> <span class='ocrx_word' id='word_1_814' title='bbox 1410 985 1565 1024; x_wconf 73' lang='lat' dir='ltr'>concessit,</span> <span class='ocrx_word' id='word_1_815' title='bbox 1589 984 1703 1015; x_wconf 88' lang='lat' dir='ltr'>devotas</span> <span class='ocrx_word' id='word_1_816' title='bbox 1724 984 1834 1016; x_wconf 86' lang='lat' dir='ltr'>Gratias</span> <span class='ocrx_word' id='word_1_817' title='bbox 1855 986 1888 1015; x_wconf 90' lang='lat'>&amp;</span> <span class='ocrx_word' id='word_1_818' title='bbox 1905 986 2013 1018; x_wconf 87' lang='lat' dir='ltr'>Laudes</span> <span class='ocrx_word' id='word_1_819' title='bbox 2034 988 2210 1027; x_wconf 81' lang='lat' dir='ltr'>exolvimus,</span> <span class='ocrx_word' id='word_1_820' title='bbox 2227 990 2261 1020; x_wconf 85' lang='lat'>&amp;</span> <span class='ocrx_word' id='word_1_821' title='bbox 2279 991 2352 1028; x_wconf 85' lang='lat' dir='ltr'>apud</span> 
     </span>
     <span class='ocr_line' id='line_1_131' title="bbox 1286 1021 2353 1066; baseline 0.01 -17"><span class='ocrx_word' id='word_1_822' title='bbox 1286 1029 1371 1063; x_wconf 78' lang='lat' dir='ltr'>eum,</span> <span class='ocrx_word' id='word_1_823' title='bbox 1393 1031 1448 1058; x_wconf 90' lang='lat' dir='ltr'>pro</span> <span class='ocrx_word' id='word_1_824' title='bbox 1467 1023 1547 1061; x_wconf 84' lang='lat' dir='ltr'>ipfius</span> <span class='ocrx_word' id='word_1_825' title='bbox 1561 1023 1643 1054; x_wconf 87' lang='lat' dir='ltr'>Pacis</span> <span class='ocrx_word' id='word_1_826' title='bbox 1661 1021 1768 1054; x_wconf 71' lang='lat' dir='ltr'>effectu</span> <span class='ocrx_word' id='word_1_827' title='bbox 1782 1025 1816 1056; x_wconf 91' lang='lat'>&amp;</span> <span class='ocrx_word' id='word_1_828' title='bbox 1831 1026 1997 1057; x_wconf 86' lang='lat' dir='ltr'>executione</span> <span class='ocrx_word' id='word_1_829' title='bbox 2010 1027 2125 1065; x_wconf 91' lang='lat' dir='ltr'>votiva,</span> <span class='ocrx_word' id='word_1_830' title='bbox 2146 1027 2247 1058; x_wconf 87' lang='lat' dir='ltr'>instare</span> <span class='ocrx_word' id='word_1_831' title='bbox 2261 1030 2353 1066; x_wconf 82' lang='lat' dir='ltr'>preci-</span> 
     </span>
     <span class='ocr_line' id='line_1_132' title="bbox 1286 1058 1697 1097; baseline 0.005 -9"><span class='ocrx_word' id='word_1_832' title='bbox 1286 1058 1338 1088; x_wconf 89' lang='lat' dir='ltr'>bus</span> <span class='ocrx_word' id='word_1_833' title='bbox 1351 1061 1458 1097; x_wconf 86' lang='lat' dir='ltr'>Jugiter</span> <span class='ocrx_word' id='word_1_834' title='bbox 1472 1072 1532 1092; x_wconf 91' lang='lat' dir='ltr'>non</span> <span class='ocrx_word' id='word_1_835' title='bbox 1547 1062 1697 1093; x_wconf 75' lang='lat' dir='ltr'>cessamus:</span> 
     </span>
    </p>

    <p class='ocr_par' dir='ltr' id='par_1_53' title="bbox 1284 1096 2363 1257">
     <span class='ocr_line' id='line_1_133' title="bbox 1321 1096 2355 1143; baseline 0.009 -16"><span class='ocrx_word' id='word_1_836' title='bbox 1321 1096 1503 1142; x_wconf 83' lang='lat' dir='ltr'>Serenitatem</span> <span class='ocrx_word' id='word_1_837' title='bbox 1516 1108 1592 1131; x_wconf 89' lang='lat' dir='ltr'>tuam</span> <span class='ocrx_word' id='word_1_838' title='bbox 1607 1099 1732 1133; x_wconf 88' lang='lat' dir='ltr'>Paternis</span> <span class='ocrx_word' id='word_1_839' title='bbox 1745 1097 1894 1131; x_wconf 65' lang='lat' dir='ltr'>affeetibus</span> <span class='ocrx_word' id='word_1_840' title='bbox 1909 1101 2081 1134; x_wconf 78' lang='lat' dir='ltr'>exhortantes</span> <span class='ocrx_word' id='word_1_841' title='bbox 2102 1104 2230 1143; x_wconf 69' lang='lat' dir='ltr'>quatinus</span> <span class='ocrx_word' id='word_1_842' title='bbox 2242 1104 2277 1135; x_wconf 87' lang='lat' dir='ltr'>ad</span> <span class='ocrx_word' id='word_1_843' title='bbox 2291 1105 2355 1143; x_wconf 87' lang='lat' dir='ltr'>ipfi-</span> 
     </span>
     <span class='ocr_line' id='line_1_134' title="bbox 1286 1135 2363 1183; baseline 0.009 -19"><span class='ocrx_word' id='word_1_844' title='bbox 1286 1145 1317 1165; x_wconf 91' lang='lat' dir='ltr'>us</span> <span class='ocrx_word' id='word_1_845' title='bbox 1331 1135 1413 1167; x_wconf 89' lang='lat' dir='ltr'>Pacis</span> <span class='ocrx_word' id='word_1_846' title='bbox 1431 1138 1706 1169; x_wconf 86' lang='lat' dir='ltr'>consummationem</span> <span class='ocrx_word' id='word_1_847' title='bbox 1722 1139 1755 1170; x_wconf 92' lang='lat'>&amp;</span> <span class='ocrx_word' id='word_1_848' title='bbox 1774 1138 1890 1176; x_wconf 87' lang='lat' dir='ltr'>plenum</span> <span class='ocrx_word' id='word_1_849' title='bbox 1912 1139 2048 1172; x_wconf 72' lang='lat' dir='ltr'>effectum</span> <span class='ocrx_word' id='word_1_850' title='bbox 2063 1141 2213 1179; x_wconf 82' lang='lat' dir='ltr'>diligenter</span> <span class='ocrx_word' id='word_1_851' title='bbox 2234 1144 2336 1174; x_wconf 87' lang='lat' dir='ltr'>insistas</span> <span class='ocrx_word' id='word_1_852' title='bbox 2353 1168 2363 1183; x_wconf 90' lang='lat'>,</span> 
     </span>
     <span class='ocr_line' id='line_1_135' title="bbox 1284 1174 2355 1219; baseline 0.008 -15"><span class='ocrx_word' id='word_1_853' title='bbox 1284 1174 1398 1218; x_wconf 81' lang='lat' dir='ltr'>tuosque</span> <span class='ocrx_word' id='word_1_854' title='bbox 1412 1175 1544 1207; x_wconf 89' lang='lat' dir='ltr'>Subditos</span> <span class='ocrx_word' id='word_1_855' title='bbox 1558 1177 1593 1207; x_wconf 85' lang='lat' dir='ltr'>ad</span> <span class='ocrx_word' id='word_1_856' title='bbox 1610 1177 1638 1207; x_wconf 92' lang='lat' dir='ltr'>id</span> <span class='ocrx_word' id='word_1_857' title='bbox 1658 1176 1789 1207; x_wconf 89' lang='lat' dir='ltr'>instanter</span> <span class='ocrx_word' id='word_1_858' title='bbox 1808 1187 1923 1208; x_wconf 86' lang='lat' dir='ltr'>moneas</span> <span class='ocrx_word' id='word_1_859' title='bbox 1935 1179 1968 1210; x_wconf 89' lang='lat'>&amp;</span> <span class='ocrx_word' id='word_1_860' title='bbox 1981 1179 2111 1219; x_wconf 67' lang='lat' dir='ltr'>inducas,</span> <span class='ocrx_word' id='word_1_861' title='bbox 2129 1182 2166 1211; x_wconf 93' lang='lat' dir='ltr'>ita</span> <span class='ocrx_word' id='word_1_862' title='bbox 2184 1181 2266 1219; x_wconf 75' lang='lat' dir='ltr'>quod</span> <span class='ocrx_word' id='word_1_863' title='bbox 2287 1183 2355 1213; x_wconf 76' lang='lat' dir='ltr'>inde</span> 
     </span>
     <span class='ocr_line' id='line_1_136' title="bbox 1284 1211 2318 1257; baseline 0.008 -14"><span class='ocrx_word' id='word_1_864' title='bbox 1284 1211 1356 1243; x_wconf 80' lang='lat' dir='ltr'>Tibi</span> <span class='ocrx_word' id='word_1_865' title='bbox 1370 1215 1404 1245; x_wconf 90' lang='lat'>&amp;</span> <span class='ocrx_word' id='word_1_866' title='bbox 1418 1213 1524 1253; x_wconf 89' lang='lat' dir='ltr'>Regno</span> <span class='ocrx_word' id='word_1_867' title='bbox 1539 1224 1589 1246; x_wconf 92' lang='lat' dir='ltr'>tuo</span> <span class='ocrx_word' id='word_1_868' title='bbox 1603 1224 1753 1253; x_wconf 86' lang='lat' dir='ltr'>oportunae</span> <span class='ocrx_word' id='word_1_869' title='bbox 1764 1215 1953 1254; x_wconf 85' lang='lat' dir='ltr'>tranquilitatis</span> <span class='ocrx_word' id='word_1_870' title='bbox 1960 1215 2127 1249; x_wconf 87' lang='lat' dir='ltr'>Commoda</span> <span class='ocrx_word' id='word_1_871' title='bbox 2140 1221 2318 1257; x_wconf 88' lang='lat' dir='ltr'>proveniant.</span> 
     </span>
    </p>

    <p class='ocr_par' dir='ltr' id='par_1_54' title="bbox 1284 1250 2355 1484">
     <span class='ocr_line' id='line_1_137' title="bbox 1323 1250 2353 1296; baseline 0.008 -14"><span class='ocrx_word' id='word_1_872' title='bbox 1323 1250 1486 1292; x_wconf 70' lang='lat' dir='ltr'>Caeterum,</span> <span class='ocrx_word' id='word_1_873' title='bbox 1505 1254 1539 1284; x_wconf 87' lang='lat' dir='ltr'>ad</span> <span class='ocrx_word' id='word_1_874' title='bbox 1552 1254 1783 1292; x_wconf 85' lang='lat' dir='ltr'>supplicationum</span> <span class='ocrx_word' id='word_1_875' title='bbox 1802 1255 1938 1294; x_wconf 84' lang='lat' dir='ltr'>capitula,</span> <span class='ocrx_word' id='word_1_876' title='bbox 1955 1265 2008 1294; x_wconf 90' lang='lat' dir='ltr'>pro</span> <span class='ocrx_word' id='word_1_877' title='bbox 2031 1257 2097 1287; x_wconf 92' lang='lat' dir='ltr'>Tua</span> <span class='ocrx_word' id='word_1_878' title='bbox 2112 1259 2146 1289; x_wconf 72' lang='grc' dir='ltr'>ὃς</span> <span class='ocrx_word' id='word_1_879' title='bbox 2165 1258 2246 1296; x_wconf 85' lang='lat' dir='ltr'>ipfius</span> <span class='ocrx_word' id='word_1_880' title='bbox 2265 1259 2353 1290; x_wconf 88' lang='lat' dir='ltr'>Fran-</span> 
     </span>
     <span class='ocr_line' id='line_1_138' title="bbox 1286 1291 2354 1336; baseline 0.009 -18"><span class='ocrx_word' id='word_1_881' title='bbox 1286 1298 1388 1320; x_wconf 89' lang='lat' dir='ltr'>corum</span> <span class='ocrx_word' id='word_1_882' title='bbox 1404 1291 1496 1329; x_wconf 79' lang='lat' dir='ltr'>Regis</span> <span class='ocrx_word' id='word_1_883' title='bbox 1509 1301 1601 1332; x_wconf 87' lang='lat' dir='ltr'>parte,</span> <span class='ocrx_word' id='word_1_884' title='bbox 1618 1302 1666 1331; x_wconf 89' lang='lat' dir='ltr'>per</span> <span class='ocrx_word' id='word_1_885' title='bbox 1680 1292 1814 1323; x_wconf 87' lang='lat' dir='ltr'>Nuncios</span> <span class='ocrx_word' id='word_1_886' title='bbox 1828 1292 1956 1329; x_wconf 87' lang='lat' dir='ltr'>eosdem,</span> <span class='ocrx_word' id='word_1_887' title='bbox 1974 1294 2010 1324; x_wconf 93' lang='lat' dir='ltr'>ad</span> <span class='ocrx_word' id='word_1_888' title='bbox 2032 1294 2167 1326; x_wconf 70' lang='lat' dir='ltr'>effeetum</span> <span class='ocrx_word' id='word_1_889' title='bbox 2183 1296 2265 1327; x_wconf 83' lang='lat' dir='ltr'>Pacis</span> <span class='ocrx_word' id='word_1_890' title='bbox 2284 1297 2354 1336; x_wconf 89' lang='lat' dir='ltr'>ejus-</span> 
     </span>
     <span class='ocr_line' id='line_1_139' title="bbox 1286 1326 2354 1375; baseline 0.009 -19"><span class='ocrx_word' id='word_1_891' title='bbox 1286 1326 1368 1371; x_wconf 81' lang='lat' dir='ltr'>dem,</span> <span class='ocrx_word' id='word_1_892' title='bbox 1386 1329 1484 1361; x_wconf 91' lang='lat' dir='ltr'>Nobis</span> <span class='ocrx_word' id='word_1_893' title='bbox 1495 1331 1528 1361; x_wconf 89' lang='lat'>&amp;</span> <span class='ocrx_word' id='word_1_894' title='bbox 1545 1331 1682 1362; x_wconf 87' lang='lat' dir='ltr'>Fratribus</span> <span class='ocrx_word' id='word_1_895' title='bbox 1698 1330 1797 1361; x_wconf 90' lang='lat' dir='ltr'>nostris</span> <span class='ocrx_word' id='word_1_896' title='bbox 1810 1330 1926 1362; x_wconf 82' lang='lat' dir='ltr'>fideliter</span> <span class='ocrx_word' id='word_1_897' title='bbox 1939 1333 1974 1364; x_wconf 87' lang='lat'>&amp;</span> <span class='ocrx_word' id='word_1_898' title='bbox 1988 1333 2137 1370; x_wconf 88' lang='lat' dir='ltr'>prudenter</span> <span class='ocrx_word' id='word_1_899' title='bbox 2150 1335 2286 1375; x_wconf 81' lang='lat' dir='ltr'>expolita,</span> <span class='ocrx_word' id='word_1_900' title='bbox 2304 1337 2354 1366; x_wconf 91' lang='lat' dir='ltr'>ha-</span> 
     </span>
     <span class='ocr_line' id='line_1_140' title="bbox 1286 1365 2355 1413; baseline 0.009 -18"><span class='ocrx_word' id='word_1_901' title='bbox 1286 1365 1346 1396; x_wconf 75' lang='lat' dir='ltr'>bita</span> <span class='ocrx_word' id='word_1_902' title='bbox 1359 1367 1437 1405; x_wconf 89' lang='lat' dir='ltr'>super</span> <span class='ocrx_word' id='word_1_903' title='bbox 1450 1370 1488 1399; x_wconf 88' lang='lat' dir='ltr'>eis</span> <span class='ocrx_word' id='word_1_904' title='bbox 1504 1379 1573 1400; x_wconf 91' lang='lat' dir='ltr'>cum</span> <span class='ocrx_word' id='word_1_905' title='bbox 1586 1369 1690 1400; x_wconf 90' lang='lat' dir='ltr'>eisdem</span> <span class='ocrx_word' id='word_1_906' title='bbox 1704 1369 1842 1400; x_wconf 90' lang='lat' dir='ltr'>Fratribus</span> <span class='ocrx_word' id='word_1_907' title='bbox 1856 1370 2055 1402; x_wconf 88' lang='lat' dir='ltr'>deliberatione</span> <span class='ocrx_word' id='word_1_908' title='bbox 2073 1373 2204 1412; x_wconf 73' lang='lat' dir='ltr'>matura,</span> <span class='ocrx_word' id='word_1_909' title='bbox 2222 1374 2258 1404; x_wconf 91' lang='lat' dir='ltr'>de</span> <span class='ocrx_word' id='word_1_910' title='bbox 2282 1375 2355 1413; x_wconf 85' lang='lat' dir='ltr'>ipso-</span> 
     </span>
     <span class='ocr_line' id='line_1_141' title="bbox 1286 1405 2355 1452; baseline 0.01 -19"><span class='ocrx_word' id='word_1_911' title='bbox 1286 1413 1349 1447; x_wconf 81' lang='lat' dir='ltr'>rum</span> <span class='ocrx_word' id='word_1_912' title='bbox 1366 1405 1491 1437; x_wconf 87' lang='lat' dir='ltr'>Fratrum</span> <span class='ocrx_word' id='word_1_913' title='bbox 1506 1408 1644 1447; x_wconf 84' lang='lat' dir='ltr'>consilio,</span> <span class='ocrx_word' id='word_1_914' title='bbox 1661 1415 1743 1446; x_wconf 87' lang='lat' dir='ltr'>prout</span> <span class='ocrx_word' id='word_1_915' title='bbox 1765 1410 1795 1438; x_wconf 90' lang='lat' dir='ltr'>in</span> <span class='ocrx_word' id='word_1_916' title='bbox 1814 1408 1962 1440; x_wconf 62' lang='lat' dir='ltr'>interclusi</span> <span class='ocrx_word' id='word_1_917' title='bbox 1977 1408 2086 1441; x_wconf 68' lang='lat' dir='ltr'>Cedula</span> <span class='ocrx_word' id='word_1_918' title='bbox 2109 1413 2286 1452; x_wconf 82' lang='lat' dir='ltr'>continetur,</span> <span class='ocrx_word' id='word_1_919' title='bbox 2304 1413 2355 1444; x_wconf 89' lang='lat' dir='ltr'>du-</span> 
     </span>
     <span class='ocr_line' id='line_1_142' title="bbox 1284 1444 1630 1484; baseline 0.017 -13"><span class='ocrx_word' id='word_1_920' title='bbox 1284 1450 1374 1473; x_wconf 84' lang='lat' dir='ltr'>ximus</span> <span class='ocrx_word' id='word_1_921' title='bbox 1388 1444 1630 1484; x_wconf 87' lang='lat' dir='ltr'>respondendum,</span> 
     </span>
    </p>

    <p class='ocr_par' dir='ltr' id='par_1_55' title="bbox 1284 1481 2355 1599">
     <span class='ocr_line' id='line_1_143' title="bbox 1324 1481 2355 1526; baseline 0.008 -14"><span class='ocrx_word' id='word_1_922' title='bbox 1324 1481 1476 1513; x_wconf 89' lang='lat' dir='ltr'>Nonnulla</span> <span class='ocrx_word' id='word_1_923' title='bbox 1489 1493 1523 1513; x_wconf 87' lang='lat' dir='ltr'>ex</span> <span class='ocrx_word' id='word_1_924' title='bbox 1538 1485 1594 1522; x_wconf 86' lang='lat' dir='ltr'>eis,</span> <span class='ocrx_word' id='word_1_925' title='bbox 1610 1484 1677 1515; x_wconf 88' lang='lat' dir='ltr'>licet</span> <span class='ocrx_word' id='word_1_926' title='bbox 1691 1483 1786 1514; x_wconf 90' lang='lat' dir='ltr'>Nobis</span> <span class='ocrx_word' id='word_1_927' title='bbox 1800 1485 1834 1515; x_wconf 91' lang='lat'>&amp;</span> <span class='ocrx_word' id='word_1_928' title='bbox 1855 1485 1996 1516; x_wconf 89' lang='lat' dir='ltr'>Fratribus</span> <span class='ocrx_word' id='word_1_929' title='bbox 2020 1487 2081 1526; x_wconf 85' lang='lat' dir='ltr'>ipfis</span> <span class='ocrx_word' id='word_1_930' title='bbox 2096 1488 2181 1518; x_wconf 86' lang='lat' dir='ltr'>nimis</span> <span class='ocrx_word' id='word_1_931' title='bbox 2194 1490 2290 1525; x_wconf 84' lang='lat' dir='ltr'>gravia</span> <span class='ocrx_word' id='word_1_932' title='bbox 2309 1490 2355 1520; x_wconf 90' lang='lat' dir='ltr'>vi-</span> 
     </span>
     <span class='ocr_line' id='line_1_144' title="bbox 1284 1518 2355 1566; baseline 0.007 -16"><span class='ocrx_word' id='word_1_933' title='bbox 1284 1518 1428 1563; x_wconf 72' lang='lat' dir='ltr'>derentur,</span> <span class='ocrx_word' id='word_1_934' title='bbox 1447 1521 1483 1552; x_wconf 90' lang='lat' dir='ltr'>de</span> <span class='ocrx_word' id='word_1_935' title='bbox 1498 1521 1673 1560; x_wconf 87' lang='lat' dir='ltr'>Benignitate</span> <span class='ocrx_word' id='word_1_936' title='bbox 1687 1522 1868 1562; x_wconf 87' lang='lat' dir='ltr'>Apostolica,</span> <span class='ocrx_word' id='word_1_937' title='bbox 1882 1533 1937 1561; x_wconf 84' lang='lat' dir='ltr'>pro</span> <span class='ocrx_word' id='word_1_938' title='bbox 1958 1532 2038 1554; x_wconf 90' lang='lat' dir='ltr'>tanto</span> <span class='ocrx_word' id='word_1_939' title='bbox 2052 1526 2130 1556; x_wconf 90' lang='lat' dir='ltr'>bono</span> <span class='ocrx_word' id='word_1_940' title='bbox 2143 1525 2239 1566; x_wconf 87' lang='lat' dir='ltr'>Pacis,</span> <span class='ocrx_word' id='word_1_941' title='bbox 2256 1528 2355 1558; x_wconf 87' lang='lat' dir='ltr'>libera-</span> 
     </span>
     <span class='ocr_line' id='line_1_145' title="bbox 1284 1557 1562 1599; baseline 0.014 -12"><span class='ocrx_word' id='word_1_942' title='bbox 1284 1557 1346 1588; x_wconf 87' lang='lat' dir='ltr'>liter</span> <span class='ocrx_word' id='word_1_943' title='bbox 1361 1561 1562 1599; x_wconf 90' lang='lat' dir='ltr'>concedendo,</span> 
     </span>
    </p>

    <p class='ocr_par' dir='ltr' id='par_1_56' title="bbox 1283 1596 2356 1745">
     <span class='ocr_line' id='line_1_146' title="bbox 1323 1596 2356 1638; baseline 0.008 -11"><span class='ocrx_word' id='word_1_944' title='bbox 1323 1596 1444 1628; x_wconf 87' lang='lat' dir='ltr'>Nostrae</span> <span class='ocrx_word' id='word_1_945' title='bbox 1465 1608 1560 1630; x_wconf 86' lang='lat' dir='ltr'>tamen</span> <span class='ocrx_word' id='word_1_946' title='bbox 1578 1599 1738 1630; x_wconf 87' lang='lat' dir='ltr'>intentionis</span> <span class='ocrx_word' id='word_1_947' title='bbox 1759 1598 1852 1631; x_wconf 82' lang='lat' dir='ltr'>existit</span> <span class='ocrx_word' id='word_1_948' title='bbox 1873 1599 1953 1638; x_wconf 77' lang='lat' dir='ltr'>quod</span> <span class='ocrx_word' id='word_1_949' title='bbox 1975 1599 2116 1638; x_wconf 83' lang='lat' dir='ltr'>praemissa</span> <span class='ocrx_word' id='word_1_950' title='bbox 2141 1603 2238 1633; x_wconf 87' lang='lat' dir='ltr'>omnia</span> <span class='ocrx_word' id='word_1_951' title='bbox 2253 1603 2286 1634; x_wconf 89' lang='lat'>&amp;</span> <span class='ocrx_word' id='word_1_952' title='bbox 2301 1604 2356 1634; x_wconf 88' lang='lat' dir='ltr'>fin-</span> 
     </span>
     <span class='ocr_line' id='line_1_147' title="bbox 1283 1635 2356 1676; baseline 0.007 -11"><span class='ocrx_word' id='word_1_953' title='bbox 1283 1635 1359 1674; x_wconf 87' lang='lat' dir='ltr'>gula‚</span> <span class='ocrx_word' id='word_1_954' title='bbox 1384 1637 1415 1666; x_wconf 91' lang='lat' dir='ltr'>in</span> <span class='ocrx_word' id='word_1_955' title='bbox 1437 1637 1580 1675; x_wconf 59' lang='lat' dir='ltr'>praedietis</span> <span class='ocrx_word' id='word_1_956' title='bbox 1601 1637 1844 1675; x_wconf 90' lang='lat' dir='ltr'>Supplicationum</span> <span class='ocrx_word' id='word_1_957' title='bbox 1864 1638 1989 1676; x_wconf 80' lang='lat' dir='ltr'>capitulis</span> <span class='ocrx_word' id='word_1_958' title='bbox 2011 1649 2060 1676; x_wconf 86' lang='lat' dir='ltr'>per</span> <span class='ocrx_word' id='word_1_959' title='bbox 2081 1648 2133 1668; x_wconf 91' lang='lat' dir='ltr'>nos</span> <span class='ocrx_word' id='word_1_960' title='bbox 2151 1641 2298 1672; x_wconf 72' lang='lat' dir='ltr'>concessa.</span> <span class='ocrx_word' id='word_1_961' title='bbox 2324 1644 2356 1673; x_wconf 89' lang='lat' dir='ltr'>in</span> 
     </span>
     <span class='ocr_line' id='line_1_148' title="bbox 1283 1673 2356 1743; baseline 0.007 -40"><span class='ocrx_word' id='word_1_962' title='bbox 1283 1673 1365 1741; x_wconf 61' lang='lat' dir='ltr'>fcasu,</span> <span class='ocrx_word' id='word_1_963' title='bbox 1383 1676 1414 1705; x_wconf 89' lang='lat' dir='ltr'>in</span> <span class='ocrx_word' id='word_1_964' title='bbox 1433 1685 1491 1743; x_wconf 53' lang='lat' dir='ltr'>qqu</span> <span class='ocrx_word' id='word_1_965' title='bbox 1515 1675 1574 1707; x_wconf 85' lang='lat' dir='ltr'>Pax</span> <span class='ocrx_word' id='word_1_966' title='bbox 1595 1675 1723 1708; x_wconf 87' lang='lat' dir='ltr'>sortietur</span> <span class='ocrx_word' id='word_1_967' title='bbox 1744 1675 1899 1715; x_wconf 62' lang='lat' dir='ltr'>effectum,</span> <span class='ocrx_word' id='word_1_968' title='bbox 1916 1677 1949 1707; x_wconf 65' lang='grc' dir='ltr'>ὃς</span> <span class='ocrx_word' id='word_1_969' title='bbox 1971 1686 2030 1706; x_wconf 90' lang='lat' dir='ltr'>non</span> <span class='ocrx_word' id='word_1_970' title='bbox 2053 1676 2148 1716; x_wconf 88' lang='lat' dir='ltr'>aliter,</span> <span class='ocrx_word' id='word_1_971' title='bbox 2172 1679 2356 1718; x_wconf 84' lang='lat' dir='ltr'>intelligantur</span> 
     </span>
     <span class='ocr_line' id='line_1_149' title="bbox 1296 1721 1499 1745; baseline 0.02 -4"><span class='ocrx_word' id='word_1_972' title='bbox 1296 1721 1345 1742; x_wconf 88' lang='lat' dir='ltr'>ore</span> <span class='ocrx_word' id='word_1_973' title='bbox 1359 1723 1452 1744; x_wconf 91' lang='lat' dir='ltr'>conce</span> <span class='ocrx_word' id='word_1_974' title='bbox 1477 1725 1499 1745; x_wconf 89' lang='lat' dir='ltr'>a.</span> 
     </span>
    </p>

    <p class='ocr_par' dir='ltr' id='par_1_57' title="bbox 1283 1750 2357 1823">
     <span class='ocr_line' id='line_1_150' title="bbox 1297 1750 2357 1797; baseline 0.007 -17"><span class='ocrx_word' id='word_1_975' title='bbox 1297 1789 1303 1794; x_wconf 90' lang='lat'>.</span> <span class='ocrx_word' id='word_1_976' title='bbox 1320 1750 1388 1797; x_wconf 59' lang='lat' dir='ltr'>Dat.</span> <span class='ocrx_word' id='word_1_977' title='bbox 1400 1753 1472 1790; x_wconf 89' lang='lat' dir='ltr'>apud</span> <span class='ocrx_word' id='word_1_978' title='bbox 1485 1752 1591 1783; x_wconf 90' lang='lat' dir='ltr'>Villam</span> <span class='ocrx_word' id='word_1_979' title='bbox 1604 1762 1709 1784; x_wconf 90' lang='lat' dir='ltr'>novam</span> <span class='ocrx_word' id='word_1_980' title='bbox 1726 1753 1899 1786; x_wconf 88' lang='lat' dir='ltr'>Avinionen.</span> <span class='ocrx_word' id='word_1_981' title='bbox 1937 1752 2039 1785; x_wconf 83' lang='lat' dir='ltr'>Dioec.</span> <span class='ocrx_word' id='word_1_982' title='bbox 2055 1755 2083 1784; x_wconf 87' lang='lat' dir='ltr'>ii.</span> <span class='ocrx_word' id='word_1_983' title='bbox 2097 1754 2151 1785; x_wconf 87' lang='lat' dir='ltr'>kal.</span> <span class='ocrx_word' id='word_1_984' title='bbox 2175 1754 2263 1795; x_wconf 79' lang='lat' dir='ltr'>julii,</span> <span class='ocrx_word' id='word_1_985' title='bbox 2280 1754 2357 1787; x_wconf 84' lang='lat' dir='ltr'>Pon-</span> 
     </span>
     <span class='ocr_line' id='line_1_151' title="bbox 1283 1788 1714 1823; baseline 0.005 -3"><span class='ocrx_word' id='word_1_986' title='bbox 1283 1788 1402 1821; x_wconf 82' lang='lat' dir='ltr'>nficatus</span> <span class='ocrx_word' id='word_1_987' title='bbox 1414 1790 1501 1821; x_wconf 87' lang='lat' dir='ltr'>nostri</span> <span class='ocrx_word' id='word_1_988' title='bbox 1513 1801 1587 1822; x_wconf 85' lang='lat' dir='ltr'>anno</span> <span class='ocrx_word' id='word_1_989' title='bbox 1598 1792 1714 1823; x_wconf 69' lang='lat' dir='ltr'>ostavo.</span> 
     </span>
    </p>
   </div>
   <div class='ocr_carea' id='block_1_29' title="bbox 1387 1844 2318 1929">
    <p class='ocr_par' dir='ltr' id='par_1_58' title="bbox 1387 1844 2318 1929">
     <span class='ocr_line' id='line_1_152' title="bbox 1387 1844 1692 1886; baseline 0.01 -13"><span class='ocrx_word' id='word_1_990' title='bbox 1387 1844 1507 1884; x_wconf 84' lang='lat' dir='ltr'>Sigillum</span> <span class='ocrx_word' id='word_1_991' title='bbox 1520 1845 1692 1886; x_wconf 72' lang='lat' dir='ltr'>defideratur.</span> 
     </span>
     <span class='ocr_line' id='line_1_153' title="bbox 2041 1888 2318 1929; baseline 0.004 -9"><span class='ocrx_word' id='word_1_992' title='bbox 2041 1888 2092 1928; x_wconf 85' lang='lat' dir='ltr'>Jo.</span> <span class='ocrx_word' id='word_1_993' title='bbox 2107 1889 2140 1920; x_wconf 82' lang='lat' dir='ltr'>de</span> <span class='ocrx_word' id='word_1_994' title='bbox 2156 1891 2318 1929; x_wconf 80' lang='lat' dir='ltr'>Angicuria.</span> 
     </span>
    </p>
   </div>
   <div class='ocr_carea' id='block_1_30' title="bbox 1291 1964 2175 1972">
    <p class='ocr_par' dir='ltr' id='par_1_59' title="bbox 1291 1964 2175 1972">
     <span class='ocr_line' id='line_1_154' title="bbox 1291 1964 2175 1972; baseline 0 0"><span class='ocrx_word' id='word_1_995' title='bbox 1291 1964 2175 1972; x_wconf 95' lang='lat' dir='ltr'> </span> 
     </span>
    </p>
   </div>
   <div class='ocr_carea' id='block_1_31' title="bbox 1283 2012 2486 2099">
    <p class='ocr_par' dir='ltr' id='par_1_60' title="bbox 1283 2012 2486 2099">
     <span class='ocr_line' id='line_1_155' title="bbox 1283 2012 2486 2065; baseline 0.002 -17"><span class='ocrx_word' id='word_1_996' title='bbox 1283 2013 1310 2041; x_wconf 53' lang='grc' dir='ltr'>*ἐ</span> <span class='ocrx_word' id='word_1_997' title='bbox 1333 2014 1470 2048; x_wconf 83' lang='lat' dir='ltr'>Licentia</span> <span class='ocrx_word' id='word_1_998' title='bbox 1482 2024 1503 2046; x_wconf 80' lang='lat' dir='ltr'>a</span> <span class='ocrx_word' id='word_1_999' title='bbox 1515 2015 1640 2046; x_wconf 82' lang='lat' dir='ltr'>Summo</span> <span class='ocrx_word' id='word_1_1000' title='bbox 1653 2013 1790 2059; x_wconf 83' lang='lat' dir='ltr'>Pontifice</span> <span class='ocrx_word' id='word_1_1001' title='bbox 1809 2012 1946 2058; x_wconf 77' lang='lat' dir='ltr'>tradita,</span> <span class='ocrx_word' id='word_1_1002' title='bbox 1965 2013 2011 2049; x_wconf 82' lang='lat' dir='ltr'>ad</span> <span class='ocrx_word' id='word_1_1003' title='bbox 2026 2013 2239 2063; x_wconf 77' lang='lat' dir='ltr'>absblvendum</span> <span class='ocrx_word' id='word_1_1004' title='bbox 2256 2015 2353 2065; x_wconf 81' lang='lat' dir='ltr'>aJu-</span> <span class='ocrx_word' id='word_1_1005' title='bbox 2395 2030 2415 2051; x_wconf 59' lang='lat' dir='ltr'>a</span> <span class='ocrx_word' id='word_1_1006' title='bbox 2432 2033 2486 2062; x_wconf 64' lang='lat' dir='ltr'>vL</span> 
     </span>
     <span class='ocr_line' id='line_1_156' title="bbox 1511 2062 2122 2099; baseline 0.007 -4"><span class='ocrx_word' id='word_1_1007' title='bbox 1511 2066 1656 2096; x_wconf 85' lang='lat' dir='ltr'>ramentis</span> <span class='ocrx_word' id='word_1_1008' title='bbox 1672 2062 1754 2096; x_wconf 68' lang='lat' dir='ltr'>dmae</span> <span class='ocrx_word' id='word_1_1009' title='bbox 1768 2065 1843 2096; x_wconf 82' lang='lat' dir='ltr'>Paci</span> <span class='ocrx_word' id='word_1_1010' title='bbox 1859 2063 2122 2099; x_wconf 78' lang='lat' dir='ltr'>contrariantibus.</span> 
     </span>
    </p>
   </div>
   <div class='ocr_carea' id='block_1_32' title="bbox 1284 2079 2509 2251">
    <p class='ocr_par' dir='ltr' id='par_1_61' title="bbox 1284 2079 2509 2251">
     <span class='ocr_line' id='line_1_157' title="bbox 2412 2079 2476 2101; baseline 0 -4"><span class='ocrx_word' id='word_1_1011' title='bbox 2412 2079 2476 2101; x_wconf 65' lang='lat'>202,</span> 
     </span>
     <span class='ocr_line' id='line_1_158' title="bbox 1284 2126 2509 2189; baseline 0 -29"><span class='ocrx_word' id='word_1_1012' title='bbox 1284 2127 1496 2189; x_wconf 81' lang='lat' dir='ltr'>INnocentius</span> <span class='ocrx_word' id='word_1_1013' title='bbox 1510 2126 1681 2172; x_wconf 79' lang='lat' dir='ltr'>Episcopus,</span> <span class='ocrx_word' id='word_1_1014' title='bbox 1696 2126 1798 2160; x_wconf 87' lang='lat' dir='ltr'>Servus</span> <span class='ocrx_word' id='word_1_1015' title='bbox 1811 2126 1962 2172; x_wconf 80' lang='lat' dir='ltr'>Servorum</span> <span class='ocrx_word' id='word_1_1016' title='bbox 1977 2126 2053 2167; x_wconf 87' lang='lat' dir='ltr'>Dei,</span> <span class='ocrx_word' id='word_1_1017' title='bbox 2069 2128 2283 2162; x_wconf 79' lang='lat' dir='ltr'>Venerabilibus</span> <span class='ocrx_word' id='word_1_1018' title='bbox 2290 2128 2355 2161; x_wconf 86' lang='lat' dir='ltr'>Fra·</span> <span class='ocrx_word' id='word_1_1019' title='bbox 2377 2145 2454 2177; x_wconf 46' lang='lat' dir='ltr'><strong>Ann·</strong></span> <span class='ocrx_word' id='word_1_1020' title='bbox 2468 2144 2509 2175; x_wconf 86' lang='lat' dir='ltr'>D.</span> 
     </span>
     <span class='ocr_line' id='line_1_159' title="bbox 1327 2165 2490 2237; baseline -0.004 2"><span class='ocrx_word' id='word_1_1021' title='bbox 1327 2168 1413 2237; x_wconf 49' lang='lat' dir='ltr'>mhi?</span> <span class='ocrx_word' id='word_1_1022' title='bbox 1444 2205 1472 2237; x_wconf 65' lang='lat' dir='ltr'>·s2</span> <span class='ocrx_word' id='word_1_1023' title='bbox 1508 2166 1807 2236; x_wconf 54' lang='lat' dir='ltr'>memffifizafflfi</span> <span class='ocrx_word' id='word_1_1024' title='bbox 1829 2165 2153 2237; x_wconf 54' lang='lat' dir='ltr'>Is‘zndm‘essszabssssffls</span> <span class='ocrx_word' id='word_1_1025' title='bbox 2196 2167 2355 2237; x_wconf 43' lang='lat' dir='ltr'>{Psfffflss’</span> <span class='ocrx_word' id='word_1_1026' title='bbox 2406 2188 2490 2225; x_wconf 73' lang='lat'>1³⁶0-</span> 
     </span>
     <span class='ocr_line' id='line_1_160' title="bbox 1414 2215 2316 2251; baseline -0.012 -13"><span class='ocrx_word' id='word_1_1027' title='bbox 1414 2217 1452 2238; x_wconf 86' lang='lat' dir='ltr'>an</span> <span class='ocrx_word' id='word_1_1028' title='bbox 1472 2215 1507 2237; x_wconf 91' lang='lat' dir='ltr'>en</span> <span class='ocrx_word' id='word_1_1029' title='bbox 1518 2218 1546 2244; x_wconf 87' lang='lat'>1,</span> <span class='ocrx_word' id='word_1_1030' title='bbox 2071 2217 2085 2237; x_wconf 72' lang='lat' dir='ltr'>a</span> <span class='ocrx_word' id='word_1_1031' title='bbox 2145 2218 2172 2251; x_wconf 35' lang='grc' dir='ltr'>ι.)</span> <span class='ocrx_word' id='word_1_1032' title='bbox 2222 2216 2240 2244; x_wconf 79' lang='lat' dir='ltr'>p</span> <span class='ocrx_word' id='word_1_1033' title='bbox 2261 2217 2316 2244; x_wconf 72' lang='lat' dir='ltr'>cop</span> 
     </span>
    </p>
   </div>
   <div class='ocr_carea' id='block_1_33' title="bbox 1272 2227 2491 3854">
    <p class='ocr_par' dir='ltr' id='par_1_62' title="bbox 1284 2227 2491 2368">
     <span class='ocr_line' id='line_1_161' title="bbox 1284 2227 2491 2285; baseline -0.001 -9"><span class='ocrx_word' id='word_1_1034' title='bbox 1284 2253 1335 2283; x_wconf 84' lang='lat' dir='ltr'>ac,</span> <span class='ocrx_word' id='word_1_1035' title='bbox 1352 2245 1458 2277; x_wconf 63' lang='lat' dir='ltr'>dilecto</span> <span class='ocrx_word' id='word_1_1036' title='bbox 1471 2244 1562 2283; x_wconf 69' lang='grc'><strong>11110,</strong></span> <span class='ocrx_word' id='word_1_1037' title='bbox 1580 2242 1741 2285; x_wconf 77' lang='lat' dir='ltr'>Androyno</span> <span class='ocrx_word' id='word_1_1038' title='bbox 1762 2228 1868 2274; x_wconf 66' lang='lat' dir='ltr'>Abssati</span> <span class='ocrx_word' id='word_1_1039' title='bbox 1884 2243 2055 2275; x_wconf 75' lang='lat' dir='ltr'>Monasterfi</span> <span class='ocrx_word' id='word_1_1040' title='bbox 2073 2244 2265 2276; x_wconf 75' lang='lat' dir='ltr'>Ciumacensis</span> <span class='ocrx_word' id='word_1_1041' title='bbox 2286 2230 2356 2276; x_wconf 65' lang='lat' dir='ltr'>Mal</span> <span class='ocrx_word' id='word_1_1042' title='bbox 2375 2227 2428 2251; x_wconf 64' lang='lat'>“²&#39;&#39;</span> <span class='ocrx_word' id='word_1_1043' title='bbox 2445 2234 2491 2260; x_wconf 68' lang='lat'>³4·</span> 
     </span>
     <span class='ocr_line' id='line_1_162' title="bbox 1285 2281 2352 2322; baseline 0.002 -9"><span class='ocrx_word' id='word_1_1044' title='bbox 1285 2283 1433 2315; x_wconf 83' lang='lat' dir='ltr'>tisconensi</span> <span class='ocrx_word' id='word_1_1045' title='bbox 1451 2282 1580 2315; x_wconf 85' lang='lat' dir='ltr'>Dioecefi</span> <span class='ocrx_word' id='word_1_1046' title='bbox 1615 2282 1702 2313; x_wconf 67' lang='lat' dir='ltr'>distae</span> <span class='ocrx_word' id='word_1_1047' title='bbox 1725 2281 1901 2321; x_wconf 82' lang='lat' dir='ltr'>Apostolicae</span> <span class='ocrx_word' id='word_1_1048' title='bbox 1921 2281 1999 2313; x_wconf 89' lang='lat' dir='ltr'>Sedis</span> <span class='ocrx_word' id='word_1_1049' title='bbox 2018 2282 2159 2322; x_wconf 88' lang='lat' dir='ltr'>Nuncio,</span> <span class='ocrx_word' id='word_1_1050' title='bbox 2180 2283 2302 2314; x_wconf 85' lang='lat' dir='ltr'>Salutem</span> <span class='ocrx_word' id='word_1_1051' title='bbox 2319 2284 2352 2315; x_wconf 90' lang='lat'>&amp;</span> 
     </span>
     <span class='ocr_line' id='line_1_163' title="bbox 1284 2305 2432 2368; baseline -0.004 -15"><span class='ocrx_word' id='word_1_1052' title='bbox 1284 2321 1481 2360; x_wconf 84' lang='lat' dir='ltr'>Apostolicam</span> <span class='ocrx_word' id='word_1_1053' title='bbox 1499 2305 1743 2353; x_wconf 67' lang='lat' dir='ltr'>Beneclidtionem.</span> <span class='ocrx_word' id='word_1_1054' title='bbox 2378 2349 2402 2368; x_wconf 58' lang='grc' dir='ltr'>Μ</span> <span class='ocrx_word' id='word_1_1055' title='bbox 2420 2349 2432 2366; x_wconf 56' lang='lat' dir='ltr'><em>r</em></span> 
     </span>
    </p>

    <p class='ocr_par' dir='ltr' id='par_1_63' title="bbox 1283 2350 2443 2516">
     <span class='ocr_line' id='line_1_164' title="bbox 1323 2350 2443 2400; baseline 0 -8"><span class='ocrx_word' id='word_1_1056' title='bbox 1323 2360 1454 2392; x_wconf 87' lang='lat' dir='ltr'>Materna</span> <span class='ocrx_word' id='word_1_1057' title='bbox 1474 2361 1553 2391; x_wconf 87' lang='lat' dir='ltr'>Sedis</span> <span class='ocrx_word' id='word_1_1058' title='bbox 1573 2358 1747 2398; x_wconf 86' lang='lat' dir='ltr'>Apostolicae</span> <span class='ocrx_word' id='word_1_1059' title='bbox 1768 2359 1876 2397; x_wconf 84' lang='lat' dir='ltr'>Pietas,</span> <span class='ocrx_word' id='word_1_1060' title='bbox 1893 2358 1929 2390; x_wconf 90' lang='lat' dir='ltr'>ad</span> <span class='ocrx_word' id='word_1_1061' title='bbox 1950 2359 2072 2400; x_wconf 89' lang='lat' dir='ltr'>quietem</span> <span class='ocrx_word' id='word_1_1062' title='bbox 2094 2359 2230 2391; x_wconf 86' lang='lat' dir='ltr'>Filiorum</span> <span class='ocrx_word' id='word_1_1063' title='bbox 2245 2359 2355 2399; x_wconf 85' lang='lat' dir='ltr'>semper</span> <span class='ocrx_word' id='word_1_1064' title='bbox 2401 2350 2419 2377; x_wconf 71' lang='lat' dir='ltr'><em>g</em></span> <span class='ocrx_word' id='word_1_1065' title='bbox 2436 2359 2443 2366; x_wconf 83' lang='lat'><strong>‘</strong></span> 
     </span>
     <span class='ocr_line' id='line_1_165' title="bbox 1283 2396 2358 2439; baseline -0.001 -9"><span class='ocrx_word' id='word_1_1066' title='bbox 1283 2398 1429 2439; x_wconf 85' lang='lat' dir='ltr'>hanelans,</span> <span class='ocrx_word' id='word_1_1067' title='bbox 1445 2401 1480 2432; x_wconf 91' lang='lat'>&amp;</span> <span class='ocrx_word' id='word_1_1068' title='bbox 1497 2399 1672 2436; x_wconf 86' lang='lat' dir='ltr'>singulorum</span> <span class='ocrx_word' id='word_1_1069' title='bbox 1688 2396 1865 2429; x_wconf 90' lang='lat' dir='ltr'>conditiones</span> <span class='ocrx_word' id='word_1_1070' title='bbox 1878 2398 1912 2428; x_wconf 90' lang='lat'>&amp;</span> <span class='ocrx_word' id='word_1_1071' title='bbox 1927 2397 2029 2428; x_wconf 91' lang='lat' dir='ltr'>statum</span> <span class='ocrx_word' id='word_1_1072' title='bbox 2043 2397 2191 2435; x_wconf 83' lang='lat' dir='ltr'>diligenter</span> <span class='ocrx_word' id='word_1_1073' title='bbox 2204 2399 2358 2438; x_wconf 87' lang='lat' dir='ltr'>attendens,</span> 
     </span>
     <span class='ocr_line' id='line_1_166' title="bbox 1285 2435 2359 2477; baseline 0 -8"><span class='ocrx_word' id='word_1_1074' title='bbox 1285 2448 1344 2469; x_wconf 89' lang='lat' dir='ltr'>non</span> <span class='ocrx_word' id='word_1_1075' title='bbox 1366 2448 1531 2476; x_wconf 87' lang='lat' dir='ltr'>nunquam,</span> <span class='ocrx_word' id='word_1_1076' title='bbox 1548 2447 1602 2475; x_wconf 89' lang='lat' dir='ltr'>pro</span> <span class='ocrx_word' id='word_1_1077' title='bbox 1623 2436 1703 2466; x_wconf 90' lang='lat' dir='ltr'>bono</span> <span class='ocrx_word' id='word_1_1078' title='bbox 1727 2435 1822 2474; x_wconf 84' lang='lat' dir='ltr'>Pacis,</span> <span class='ocrx_word' id='word_1_1079' title='bbox 1846 2435 1882 2466; x_wconf 91' lang='lat' dir='ltr'>de</span> <span class='ocrx_word' id='word_1_1080' title='bbox 1901 2435 1989 2476; x_wconf 71' lang='lat' dir='ltr'>gratia</span> <span class='ocrx_word' id='word_1_1081' title='bbox 2011 2437 2208 2475; x_wconf 81' lang='lat' dir='ltr'>benignitatis,</span> <span class='ocrx_word' id='word_1_1082' title='bbox 2232 2438 2359 2477; x_wconf 83' lang='lat' dir='ltr'>indulget</span> 
     </span>
     <span class='ocr_line' id='line_1_167' title="bbox 1285 2474 1843 2516; baseline -0.007 -8"><span class='ocrx_word' id='word_1_1083' title='bbox 1285 2486 1350 2516; x_wconf 84' lang='lat' dir='ltr'>quae</span> <span class='ocrx_word' id='word_1_1084' title='bbox 1365 2477 1429 2508; x_wconf 76' lang='lat' dir='ltr'>alias</span> <span class='ocrx_word' id='word_1_1085' title='bbox 1444 2477 1536 2507; x_wconf 90' lang='lat' dir='ltr'>forent</span> <span class='ocrx_word' id='word_1_1086' title='bbox 1551 2476 1656 2506; x_wconf 83' lang='lat' dir='ltr'>merito</span> <span class='ocrx_word' id='word_1_1087' title='bbox 1671 2474 1843 2514; x_wconf 88' lang='lat' dir='ltr'>deneganda.</span> 
     </span>
    </p>

    <p class='ocr_par' dir='ltr' id='par_1_64' title="bbox 1285 2511 2359 2706">
     <span class='ocr_line' id='line_1_168' title="bbox 1324 2511 2359 2555; baseline -0.001 -9"><span class='ocrx_word' id='word_1_1088' title='bbox 1324 2515 1427 2555; x_wconf 85' lang='lat' dir='ltr'>Nuper</span> <span class='ocrx_word' id='word_1_1089' title='bbox 1450 2515 1468 2546; x_wconf 83' lang='lat' dir='ltr'>fi</span> <span class='ocrx_word' id='word_1_1090' title='bbox 1490 2514 1606 2551; x_wconf 87' lang='lat' dir='ltr'>uidem,</span> <span class='ocrx_word' id='word_1_1091' title='bbox 1630 2522 1683 2550; x_wconf 84' lang='lat' dir='ltr'>pro</span> <span class='ocrx_word' id='word_1_1092' title='bbox 1700 2521 1795 2551; x_wconf 85' lang='lat' dir='ltr'>parte,</span> <span class='ocrx_word' id='word_1_1093' title='bbox 1813 2511 2020 2544; x_wconf 73' lang='lat' dir='ltr'>carissimorum</span> <span class='ocrx_word' id='word_1_1094' title='bbox 2041 2513 2069 2543; x_wconf 89' lang='lat' dir='ltr'>in</span> <span class='ocrx_word' id='word_1_1095' title='bbox 2087 2512 2204 2544; x_wconf 86' lang='lat' dir='ltr'>Christo</span> <span class='ocrx_word' id='word_1_1096' title='bbox 2222 2513 2359 2545; x_wconf 83' lang='lat' dir='ltr'>Filiorum</span> 
     </span>
     <span class='ocr_line' id='line_1_169' title="bbox 1285 2550 2358 2592; baseline 0.001 -9"><span class='ocrx_word' id='word_1_1097' title='bbox 1285 2553 1465 2592; x_wconf 88' lang='lat' dir='ltr'>nostrorum,</span> <span class='ocrx_word' id='word_1_1098' title='bbox 1498 2553 1616 2583; x_wconf 90' lang='lat' dir='ltr'>ohannis</span> <span class='ocrx_word' id='word_1_1099' title='bbox 1631 2551 1805 2582; x_wconf 88' lang='lat' dir='ltr'>Francorum</span> <span class='ocrx_word' id='word_1_1100' title='bbox 1819 2551 1853 2582; x_wconf 92' lang='lat'>&amp;</span> <span class='ocrx_word' id='word_1_1101' title='bbox 1869 2550 2006 2582; x_wconf 89' lang='lat' dir='ltr'>Edwardi</span> <span class='ocrx_word' id='word_1_1102' title='bbox 2021 2552 2132 2591; x_wconf 84' lang='lat' dir='ltr'>Angliae</span> <span class='ocrx_word' id='word_1_1103' title='bbox 2148 2552 2270 2590; x_wconf 81' lang='lat' dir='ltr'>Regum</span> <span class='ocrx_word' id='word_1_1104' title='bbox 2293 2553 2358 2584; x_wconf 81' lang='lat' dir='ltr'>illu-</span> 
     </span>
     <span class='ocr_line' id='line_1_170' title="bbox 1285 2589 2359 2631; baseline 0 -9"><span class='ocrx_word' id='word_1_1105' title='bbox 1285 2592 1401 2631; x_wconf 86' lang='lat' dir='ltr'>strium,</span> <span class='ocrx_word' id='word_1_1106' title='bbox 1419 2602 1468 2630; x_wconf 89' lang='lat' dir='ltr'>per</span> <span class='ocrx_word' id='word_1_1107' title='bbox 1487 2600 1586 2622; x_wconf 89' lang='lat' dir='ltr'>eorum</span> <span class='ocrx_word' id='word_1_1108' title='bbox 1608 2589 1820 2620; x_wconf 86' lang='lat' dir='ltr'>Ambaxiatores</span> <span class='ocrx_word' id='word_1_1109' title='bbox 1837 2591 1871 2621; x_wconf 73' lang='grc'>86</span> <span class='ocrx_word' id='word_1_1110' title='bbox 1890 2589 2040 2629; x_wconf 89' lang='lat' dir='ltr'>Nuncios,</span> <span class='ocrx_word' id='word_1_1111' title='bbox 2068 2592 2153 2621; x_wconf 89' lang='lat' dir='ltr'>nobis</span> <span class='ocrx_word' id='word_1_1112' title='bbox 2170 2591 2222 2621; x_wconf 90' lang='lat' dir='ltr'>fuit</span> <span class='ocrx_word' id='word_1_1113' title='bbox 2240 2591 2359 2622; x_wconf 79' lang='lat' dir='ltr'>feliciter</span> 
     </span>
     <span class='ocr_line' id='line_1_171' title="bbox 1286 2627 2358 2668; baseline 0 -8"><span class='ocrx_word' id='word_1_1114' title='bbox 1286 2631 1467 2668; x_wconf 88' lang='lat' dir='ltr'>intimatum,</span> <span class='ocrx_word' id='word_1_1115' title='bbox 1485 2629 1564 2668; x_wconf 84' lang='lat' dir='ltr'>quod</span> <span class='ocrx_word' id='word_1_1116' title='bbox 1582 2629 1654 2659; x_wconf 82' lang='lat' dir='ltr'>inter</span> <span class='ocrx_word' id='word_1_1117' title='bbox 1675 2627 1770 2667; x_wconf 73' lang='lat' dir='ltr'>Reges</span> <span class='ocrx_word' id='word_1_1118' title='bbox 1786 2627 1876 2666; x_wconf 84' lang='lat' dir='ltr'>ipsos,</span> <span class='ocrx_word' id='word_1_1119' title='bbox 1892 2628 2019 2660; x_wconf 61' lang='lat' dir='ltr'>Auitore</span> <span class='ocrx_word' id='word_1_1120' title='bbox 2035 2628 2122 2668; x_wconf 89' lang='lat' dir='ltr'>Deo,</span> <span class='ocrx_word' id='word_1_1121' title='bbox 2141 2629 2197 2660; x_wconf 72' lang='lat' dir='ltr'>Pax</span> <span class='ocrx_word' id='word_1_1122' title='bbox 2217 2639 2272 2660; x_wconf 87' lang='lat' dir='ltr'>erat</span> <span class='ocrx_word' id='word_1_1123' title='bbox 2289 2630 2358 2661; x_wconf 88' lang='lat' dir='ltr'>salu-</span> 
     </span>
     <span class='ocr_line' id='line_1_172' title="bbox 1287 2668 1555 2706; baseline 0.004 -7"><span class='ocrx_word' id='word_1_1124' title='bbox 1287 2670 1372 2699; x_wconf 88' lang='lat' dir='ltr'>briter</span> <span class='ocrx_word' id='word_1_1125' title='bbox 1391 2668 1555 2706; x_wconf 82' lang='lat' dir='ltr'>reformata,</span> 
     </span>
    </p>

    <p class='ocr_par' dir='ltr' id='par_1_65' title="bbox 1322 2707 1506 2747">
     <span class='ocr_line' id='line_1_173' title="bbox 1322 2707 1506 2747; baseline 0 -10"><span class='ocrx_word' id='word_1_1126' title='bbox 1322 2707 1390 2737; x_wconf 89' lang='lat' dir='ltr'>Nos</span> <span class='ocrx_word' id='word_1_1127' title='bbox 1406 2708 1506 2747; x_wconf 84' lang='lat' dir='ltr'>igitur,</span> 
     </span>
    </p>

    <p class='ocr_par' dir='ltr' id='par_1_66' title="bbox 1280 2743 2357 2937">
     <span class='ocr_line' id='line_1_174' title="bbox 1322 2743 2357 2790; baseline -0.001 -13"><span class='ocrx_word' id='word_1_1128' title='bbox 1322 2745 1374 2776; x_wconf 91' lang='lat' dir='ltr'>Ne</span> <span class='ocrx_word' id='word_1_1129' title='bbox 1392 2754 1529 2784; x_wconf 73' lang='lat' dir='ltr'>praetextu</span> <span class='ocrx_word' id='word_1_1130' title='bbox 1544 2744 1702 2784; x_wconf 88' lang='lat' dir='ltr'>aliquorum</span> <span class='ocrx_word' id='word_1_1131' title='bbox 1711 2743 1943 2790; x_wconf 70' lang='lat' dir='ltr'>juramentorum</span> <span class='ocrx_word' id='word_1_1132' title='bbox 1982 2754 2030 2782; x_wconf 87' lang='lat' dir='ltr'>per</span> <span class='ocrx_word' id='word_1_1133' title='bbox 2056 2744 2130 2783; x_wconf 86' lang='lat' dir='ltr'>ipsos</span> <span class='ocrx_word' id='word_1_1134' title='bbox 2147 2743 2244 2781; x_wconf 74' lang='lat' dir='ltr'>Reges</span> <span class='ocrx_word' id='word_1_1135' title='bbox 2262 2745 2291 2774; x_wconf 89' lang='lat' dir='ltr'>in</span> <span class='ocrx_word' id='word_1_1136' title='bbox 2309 2755 2357 2776; x_wconf 82' lang='lat' dir='ltr'>eo-</span> 
     </span>
     <span class='ocr_line' id='line_1_175' title="bbox 1286 2766 2357 2821; baseline -0.002 -6"><span class='ocrx_word' id='word_1_1137' title='bbox 1286 2794 1350 2814; x_wconf 90' lang='lat' dir='ltr'>rum</span> <span class='ocrx_word' id='word_1_1138' title='bbox 1363 2783 1606 2815; x_wconf 86' lang='lat' dir='ltr'>Coronationibus</span> <span class='ocrx_word' id='word_1_1139' title='bbox 1623 2785 1657 2815; x_wconf 89' lang='lat'>&amp;</span> <span class='ocrx_word' id='word_1_1140' title='bbox 1674 2782 1739 2813; x_wconf 79' lang='lat' dir='ltr'>alias</span> <span class='ocrx_word' id='word_1_1141' title='bbox 1755 2781 1868 2813; x_wconf 87' lang='lat' dir='ltr'>forsitan</span> <span class='ocrx_word' id='word_1_1142' title='bbox 1884 2766 2086 2821; x_wconf 57' lang='lat' dir='ltr'>prteiiitorum,</span> <span class='ocrx_word' id='word_1_1143' title='bbox 2106 2783 2185 2820; x_wconf 87' lang='lat' dir='ltr'>ipsius</span> <span class='ocrx_word' id='word_1_1144' title='bbox 2206 2783 2284 2814; x_wconf 78' lang='lat' dir='ltr'>Pacis</span> <span class='ocrx_word' id='word_1_1145' title='bbox 2305 2785 2357 2813; x_wconf 87' lang='lat' dir='ltr'>bo-</span> 
     </span>
     <span class='ocr_line' id='line_1_176' title="bbox 1284 2820 2357 2862; baseline -0.001 -10"><span class='ocrx_word' id='word_1_1146' title='bbox 1284 2831 1356 2852; x_wconf 88' lang='lat' dir='ltr'>num</span> <span class='ocrx_word' id='word_1_1147' title='bbox 1378 2822 1442 2861; x_wconf 88' lang='lat' dir='ltr'>(pro</span> <span class='ocrx_word' id='word_1_1148' title='bbox 1460 2824 1536 2862; x_wconf 88' lang='lat' dir='ltr'>cujus</span> <span class='ocrx_word' id='word_1_1149' title='bbox 1551 2821 1770 2852; x_wconf 89' lang='lat' dir='ltr'>Reformatione</span> <span class='ocrx_word' id='word_1_1150' title='bbox 1790 2820 1959 2852; x_wconf 87' lang='lat' dir='ltr'>ferventibus</span> <span class='ocrx_word' id='word_1_1151' title='bbox 1974 2820 2068 2852; x_wconf 80' lang='lat' dir='ltr'>studiis</span> <span class='ocrx_word' id='word_1_1152' title='bbox 2089 2822 2289 2859; x_wconf 74' lang='lat' dir='ltr'>laboravimus,</span> <span class='ocrx_word' id='word_1_1153' title='bbox 2307 2832 2357 2851; x_wconf 90' lang='lat' dir='ltr'>cu-</span> 
     </span>
     <span class='ocr_line' id='line_1_177' title="bbox 1280 2858 2357 2899; baseline -0.002 -7"><span class='ocrx_word' id='word_1_1154' title='bbox 1280 2861 1379 2899; x_wconf 86' lang='lat' dir='ltr'>jusque</span> <span class='ocrx_word' id='word_1_1155' title='bbox 1399 2862 1500 2892; x_wconf 88' lang='lat' dir='ltr'>Finem</span> <span class='ocrx_word' id='word_1_1156' title='bbox 1519 2860 1656 2891; x_wconf 83' lang='lat' dir='ltr'>salubrem</span> <span class='ocrx_word' id='word_1_1157' title='bbox 1678 2860 1790 2889; x_wconf 90' lang='lat' dir='ltr'>intentis</span> <span class='ocrx_word' id='word_1_1158' title='bbox 1808 2859 1945 2890; x_wconf 72' lang='lat' dir='ltr'>desideriis</span> <span class='ocrx_word' id='word_1_1159' title='bbox 1959 2858 2130 2897; x_wconf 71' lang='lat' dir='ltr'>affectamus)</span> <span class='ocrx_word' id='word_1_1160' title='bbox 2149 2860 2278 2897; x_wconf 77' lang='lat' dir='ltr'>impediri</span> <span class='ocrx_word' id='word_1_1161' title='bbox 2295 2860 2357 2897; x_wconf 84' lang='lat' dir='ltr'>pos-</span> 
     </span>
     <span class='ocr_line' id='line_1_178' title="bbox 1284 2895 2082 2937; baseline -0.004 -7"><span class='ocrx_word' id='word_1_1162' title='bbox 1284 2899 1323 2930; x_wconf 91' lang='lat' dir='ltr'>set</span> <span class='ocrx_word' id='word_1_1163' title='bbox 1339 2900 1555 2937; x_wconf 89' lang='lat' dir='ltr'>quomodolibet</span> <span class='ocrx_word' id='word_1_1164' title='bbox 1570 2898 1614 2929; x_wconf 89' lang='lat' dir='ltr'>vel</span> <span class='ocrx_word' id='word_1_1165' title='bbox 1630 2895 1756 2935; x_wconf 84' lang='lat' dir='ltr'>differri,</span> <span class='ocrx_word' id='word_1_1166' title='bbox 1775 2897 1922 2936; x_wconf 89' lang='lat' dir='ltr'>providere</span> <span class='ocrx_word' id='word_1_1167' title='bbox 1942 2897 2082 2936; x_wconf 78' lang='lat' dir='ltr'>volentes,</span> 
     </span>
    </p>

    <p class='ocr_par' dir='ltr' id='par_1_67' title="bbox 1320 2935 2222 2979">
     <span class='ocr_line' id='line_1_179' title="bbox 1320 2935 2222 2979; baseline -0.002 -11"><span class='ocrx_word' id='word_1_1168' title='bbox 1320 2937 1448 2975; x_wconf 87' lang='lat' dir='ltr'>Ipsorum</span> <span class='ocrx_word' id='word_1_1169' title='bbox 1462 2937 1579 2979; x_wconf 81' lang='lat' dir='ltr'>Regum</span> <span class='ocrx_word' id='word_1_1170' title='bbox 1599 2938 1627 2966; x_wconf 89' lang='lat' dir='ltr'>in</span> <span class='ocrx_word' id='word_1_1171' title='bbox 1641 2936 1694 2966; x_wconf 81' lang='lat' dir='ltr'>hac</span> <span class='ocrx_word' id='word_1_1172' title='bbox 1714 2944 1790 2972; x_wconf 88' lang='lat' dir='ltr'>parte</span> <span class='ocrx_word' id='word_1_1173' title='bbox 1809 2936 2065 2973; x_wconf 77' lang='lat' dir='ltr'>Supplicationibus</span> <span class='ocrx_word' id='word_1_1174' title='bbox 2083 2935 2222 2978; x_wconf 64' lang='lat' dir='ltr'>inclinati.</span> 
     </span>
    </p>

    <p class='ocr_par' dir='ltr' id='par_1_68' title="bbox 1284 2973 2351 3046">
     <span class='ocr_line' id='line_1_180' title="bbox 1320 2973 2351 3014; baseline -0.001 -7"><span class='ocrx_word' id='word_1_1175' title='bbox 1320 2976 1370 3007; x_wconf 86' lang='lat' dir='ltr'>De</span> <span class='ocrx_word' id='word_1_1176' title='bbox 1395 2975 1648 3014; x_wconf 64' lang='lat' dir='ltr'>circumspectione</span> <span class='ocrx_word' id='word_1_1177' title='bbox 1672 2974 1764 3005; x_wconf 66' lang='lat' dir='ltr'>vestra</span> <span class='ocrx_word' id='word_1_1178' title='bbox 1788 2983 1913 3010; x_wconf 87' lang='lat' dir='ltr'>gerentes</span> <span class='ocrx_word' id='word_1_1179' title='bbox 1938 2976 1967 3004; x_wconf 90' lang='lat' dir='ltr'>in</span> <span class='ocrx_word' id='word_1_1180' title='bbox 1986 2973 2122 3005; x_wconf 86' lang='lat' dir='ltr'>Domino</span> <span class='ocrx_word' id='word_1_1181' title='bbox 2140 2974 2274 3005; x_wconf 78' lang='lat' dir='ltr'>hdticiani</span> <span class='ocrx_word' id='word_1_1182' title='bbox 2291 2975 2351 3013; x_wconf 80' lang='lat' dir='ltr'>spe-</span> 
     </span>
     <span class='ocr_line' id='line_1_181' title="bbox 1284 3015 1385 3046; baseline -0.01 0"><span class='ocrx_word' id='word_1_1183' title='bbox 1284 3015 1385 3046; x_wconf 88' lang='lat' dir='ltr'>cialem</span> 
     </span>
    </p>

    <p class='ocr_par' dir='ltr' id='par_1_69' title="bbox 1281 3038 2352 3361">
     <span class='ocr_line' id='line_1_182' title="bbox 1321 3038 2351 3090; baseline -0.003 -7"><span class='ocrx_word' id='word_1_1184' title='bbox 1321 3038 1500 3090; x_wconf 64' lang='lat' dir='ltr'>Dispensandi</span> <span class='ocrx_word' id='word_1_1185' title='bbox 1519 3061 1588 3082; x_wconf 90' lang='lat' dir='ltr'>cum</span> <span class='ocrx_word' id='word_1_1186' title='bbox 1607 3049 1724 3088; x_wconf 77' lang='lat' dir='ltr'>praefatis</span> <span class='ocrx_word' id='word_1_1187' title='bbox 1739 3050 1872 3087; x_wconf 83' lang='lat' dir='ltr'>Regibus</span> <span class='ocrx_word' id='word_1_1188' title='bbox 1889 3050 1922 3081; x_wconf 84' lang='lat'>&amp;</span> <span class='ocrx_word' id='word_1_1189' title='bbox 1941 3050 2067 3088; x_wconf 83' lang='lat' dir='ltr'>quolibet</span> <span class='ocrx_word' id='word_1_1190' title='bbox 2084 3061 2202 3089; x_wconf 89' lang='lat' dir='ltr'>eorum,</span> <span class='ocrx_word' id='word_1_1191' title='bbox 2220 3051 2351 3088; x_wconf 73' lang='lat' dir='ltr'>siperJu-</span> 
     </span>
     <span class='ocr_line' id='line_1_183' title="bbox 1281 3088 2350 3129; baseline -0.004 -7"><span class='ocrx_word' id='word_1_1192' title='bbox 1281 3093 1426 3129; x_wconf 87' lang='lat' dir='ltr'>ramentis,</span> <span class='ocrx_word' id='word_1_1193' title='bbox 1444 3102 1493 3129; x_wconf 88' lang='lat' dir='ltr'>per</span> <span class='ocrx_word' id='word_1_1194' title='bbox 1512 3101 1561 3121; x_wconf 91' lang='lat' dir='ltr'>eos</span> <span class='ocrx_word' id='word_1_1195' title='bbox 1579 3090 1624 3120; x_wconf 85' lang='lat' dir='ltr'>vel</span> <span class='ocrx_word' id='word_1_1196' title='bbox 1647 3089 1765 3119; x_wconf 88' lang='lat' dir='ltr'>alterurn</span> <span class='ocrx_word' id='word_1_1197' title='bbox 1789 3098 1905 3127; x_wconf 92' lang='lat' dir='ltr'>eorum,</span> <span class='ocrx_word' id='word_1_1198' title='bbox 1930 3088 2042 3119; x_wconf 84' lang='lat' dir='ltr'>forlitan</span> <span class='ocrx_word' id='word_1_1199' title='bbox 2061 3088 2096 3119; x_wconf 87' lang='lat' dir='ltr'>de</span> <span class='ocrx_word' id='word_1_1200' title='bbox 2114 3099 2172 3119; x_wconf 89' lang='lat' dir='ltr'>non</span> <span class='ocrx_word' id='word_1_1201' title='bbox 2193 3089 2350 3118; x_wconf 63' lang='lat' dir='ltr'>Alienindo</span> 
     </span>
     <span class='ocr_line' id='line_1_184' title="bbox 1284 3126 2352 3167; baseline -0.004 -7"><span class='ocrx_word' id='word_1_1202' title='bbox 1284 3130 1341 3160; x_wconf 89' lang='lat' dir='ltr'>Res</span> <span class='ocrx_word' id='word_1_1203' title='bbox 1357 3132 1391 3161; x_wconf 87' lang='lat'>&amp;</span> <span class='ocrx_word' id='word_1_1204' title='bbox 1409 3130 1487 3160; x_wconf 89' lang='lat' dir='ltr'>Bona</span> <span class='ocrx_word' id='word_1_1205' title='bbox 1505 3140 1537 3160; x_wconf 84' lang='lat' dir='ltr'>ac</span> <span class='ocrx_word' id='word_1_1206' title='bbox 1554 3128 1637 3167; x_wconf 92' lang='lat' dir='ltr'>Jura,</span> <span class='ocrx_word' id='word_1_1207' title='bbox 1655 3127 1727 3164; x_wconf 85' lang='lat' dir='ltr'>ipsos</span> <span class='ocrx_word' id='word_1_1208' title='bbox 1745 3128 1777 3158; x_wconf 82' lang='lat'>&amp;</span> <span class='ocrx_word' id='word_1_1209' title='bbox 1797 3128 1919 3167; x_wconf 78' lang='lat' dir='ltr'>ipsorum</span> <span class='ocrx_word' id='word_1_1210' title='bbox 1938 3126 2037 3166; x_wconf 76' lang='lat' dir='ltr'>Regna</span> <span class='ocrx_word' id='word_1_1211' title='bbox 2066 3129 2099 3158; x_wconf 66' lang='grc' dir='ltr'>ὃς</span> <span class='ocrx_word' id='word_1_1212' title='bbox 2118 3127 2250 3157; x_wconf 71' lang='lat' dir='ltr'>Stibditos</span> <span class='ocrx_word' id='word_1_1213' title='bbox 2268 3128 2352 3156; x_wconf 69' lang='lat' dir='ltr'>dim-</span> 
     </span>
     <span class='ocr_line' id='line_1_185' title="bbox 1285 3165 2351 3206; baseline -0.004 -7"><span class='ocrx_word' id='word_1_1214' title='bbox 1285 3176 1356 3199; x_wconf 84' lang='lat' dir='ltr'>taxat</span> <span class='ocrx_word' id='word_1_1215' title='bbox 1372 3169 1531 3206; x_wconf 83' lang='lat' dir='ltr'>tangentia,</span> <span class='ocrx_word' id='word_1_1216' title='bbox 1547 3166 1690 3204; x_wconf 68' lang='lat' dir='ltr'>praestitis,</span> <span class='ocrx_word' id='word_1_1217' title='bbox 1709 3175 1757 3204; x_wconf 84' lang='lat' dir='ltr'>ut,</span> <span class='ocrx_word' id='word_1_1218' title='bbox 1776 3166 1815 3195; x_wconf 88' lang='lat' dir='ltr'>eis</span> <span class='ocrx_word' id='word_1_1219' title='bbox 1840 3175 1899 3194; x_wconf 87' lang='lat' dir='ltr'>non</span> <span class='ocrx_word' id='word_1_1220' title='bbox 1925 3165 2116 3204; x_wconf 77' lang='lat' dir='ltr'>obstantibus,</span> <span class='ocrx_word' id='word_1_1221' title='bbox 2135 3165 2227 3203; x_wconf 78' lang='lat' dir='ltr'>Reges</span> <span class='ocrx_word' id='word_1_1222' title='bbox 2249 3165 2297 3201; x_wconf 77' lang='lat' dir='ltr'>ipli</span> <span class='ocrx_word' id='word_1_1223' title='bbox 2318 3165 2351 3195; x_wconf 70' lang='grc' dir='ltr'>ὅτ.</span> 
     </span>
     <span class='ocr_line' id='line_1_186' title="bbox 1282 3203 2351 3245; baseline -0.006 -8"><span class='ocrx_word' id='word_1_1224' title='bbox 1282 3206 1398 3245; x_wconf 88' lang='lat' dir='ltr'>quilibet</span> <span class='ocrx_word' id='word_1_1225' title='bbox 1415 3216 1515 3236; x_wconf 88' lang='lat' dir='ltr'>eorum</span> <span class='ocrx_word' id='word_1_1226' title='bbox 1532 3206 1629 3235; x_wconf 90' lang='lat' dir='ltr'>omnia</span> <span class='ocrx_word' id='word_1_1227' title='bbox 1646 3205 1679 3234; x_wconf 71' lang='grc' dir='ltr'>ὅτ.</span> <span class='ocrx_word' id='word_1_1228' title='bbox 1698 3204 1735 3234; x_wconf 86' lang='grc'><strong>1111</strong></span> <span class='ocrx_word' id='word_1_1229' title='bbox 1758 3204 1817 3243; x_wconf 83' lang='grc'><strong>1113,</strong></span> <span class='ocrx_word' id='word_1_1230' title='bbox 1837 3213 1898 3242; x_wconf 54' lang='lat' dir='ltr'>quae</span> <span class='ocrx_word' id='word_1_1231' title='bbox 1914 3213 1966 3241; x_wconf 88' lang='lat' dir='ltr'>pro</span> <span class='ocrx_word' id='word_1_1232' title='bbox 1984 3203 2104 3245; x_wconf 72' lang='lat' dir='ltr'>effectu,</span> <span class='ocrx_word' id='word_1_1233' title='bbox 2120 3207 2152 3235; x_wconf 65' lang='lat' dir='ltr'>&amp;c</span> <span class='ocrx_word' id='word_1_1234' title='bbox 2172 3205 2351 3244; x_wconf 47' lang='lat' dir='ltr'>execution),</span> 
     </span>
     <span class='ocr_line' id='line_1_187' title="bbox 1281 3241 2350 3279; baseline -0.004 -4"><span class='ocrx_word' id='word_1_1235' title='bbox 1281 3248 1327 3276; x_wconf 82' lang='grc'><strong>1611</strong></span> <span class='ocrx_word' id='word_1_1236' title='bbox 1346 3245 1518 3275; x_wconf 76' lang='lat' dir='ltr'>observantia</span> <span class='ocrx_word' id='word_1_1237' title='bbox 1536 3243 1622 3273; x_wconf 70' lang='lat' dir='ltr'>dtetae</span> <span class='ocrx_word' id='word_1_1238' title='bbox 1640 3241 1721 3272; x_wconf 88' lang='lat' dir='ltr'>Pacis</span> <span class='ocrx_word' id='word_1_1239' title='bbox 1751 3251 1829 3273; x_wconf 91' lang='lat' dir='ltr'>acere</span> <span class='ocrx_word' id='word_1_1240' title='bbox 1847 3250 1991 3279; x_wconf 86' lang='lat' dir='ltr'>tenentur,</span> <span class='ocrx_word' id='word_1_1241' title='bbox 2010 3243 2112 3279; x_wconf 74' lang='lat' dir='ltr'>polluit</span> <span class='ocrx_word' id='word_1_1242' title='bbox 2135 3242 2212 3271; x_wconf 71' lang='lat' dir='ltr'>licite</span> <span class='ocrx_word' id='word_1_1243' title='bbox 2231 3243 2263 3270; x_wconf 64' lang='grc' dir='ltr'>ὥς</span> <span class='ocrx_word' id='word_1_1244' title='bbox 2281 3242 2350 3271; x_wconf 74' lang='grc'><strong>6116-</strong></span> 
     </span>
     <span class='ocr_line' id='line_1_188' title="bbox 1284 3279 2350 3319; baseline -0.004 -5"><span class='ocrx_word' id='word_1_1245' title='bbox 1284 3284 1411 3315; x_wconf 67' lang='grc'><strong>6111311161</strong></span> <span class='ocrx_word' id='word_1_1246' title='bbox 1426 3282 1595 3319; x_wconf 87' lang='lat' dir='ltr'>adimplere,</span> <span class='ocrx_word' id='word_1_1247' title='bbox 1613 3281 1726 3318; x_wconf 88' lang='lat' dir='ltr'>plenam</span> <span class='ocrx_word' id='word_1_1248' title='bbox 1743 3281 1777 3312; x_wconf 86' lang='lat'>&amp;</span> <span class='ocrx_word' id='word_1_1249' title='bbox 1791 3281 1908 3312; x_wconf 82' lang='lat' dir='ltr'>liberam</span> <span class='ocrx_word' id='word_1_1250' title='bbox 1929 3281 2009 3311; x_wconf 87' lang='lat' dir='ltr'>vobis</span> <span class='ocrx_word' id='word_1_1251' title='bbox 2026 3279 2230 3316; x_wconf 82' lang='lat' dir='ltr'>concedimus,</span> <span class='ocrx_word' id='word_1_1252' title='bbox 2252 3288 2350 3310; x_wconf 84' lang='lat' dir='ltr'>tenore</span> 
     </span>
     <span class='ocr_line' id='line_1_189' title="bbox 1281 3320 2259 3361; baseline -0.007 -8"><span class='ocrx_word' id='word_1_1253' title='bbox 1281 3322 1475 3361; x_wconf 84' lang='lat' dir='ltr'>praesentium,</span> <span class='ocrx_word' id='word_1_1254' title='bbox 1494 3320 1676 3351; x_wconf 86' lang='lat' dir='ltr'>Facultatem.</span> <span class='ocrx_word' id='word_1_1255' title='bbox 2174 3357 2177 3359; x_wconf 35' lang='grc'>-</span> <span class='ocrx_word' id='word_1_1256' title='bbox 2255 3356 2259 3361; x_wconf 38' lang='lat'><em>.</em></span> 
     </span>
    </p>

    <p class='ocr_par' dir='ltr' id='par_1_70' title="bbox 1276 3354 2349 3626">
     <span class='ocr_line' id='line_1_190' title="bbox 1320 3354 2349 3398; baseline -0.005 -7"><span class='ocrx_word' id='word_1_1257' title='bbox 1320 3361 1461 3392; x_wconf 90' lang='lat' dir='ltr'>Volumus</span> <span class='ocrx_word' id='word_1_1258' title='bbox 1481 3368 1576 3390; x_wconf 89' lang='lat' dir='ltr'>autem</span> <span class='ocrx_word' id='word_1_1259' title='bbox 1595 3356 1674 3396; x_wconf 81' lang='lat' dir='ltr'>quod</span> <span class='ocrx_word' id='word_1_1260' title='bbox 1699 3367 1768 3388; x_wconf 88' lang='lat' dir='ltr'>unus</span> <span class='ocrx_word' id='word_1_1261' title='bbox 1791 3356 1932 3393; x_wconf 84' lang='lat' dir='ltr'>vestrum,</span> <span class='ocrx_word' id='word_1_1262' title='bbox 1961 3356 2101 3393; x_wconf 84' lang='lat' dir='ltr'>(Fratres,</span> <span class='ocrx_word' id='word_1_1263' title='bbox 2124 3354 2349 3398; x_wconf 69' lang='lat' dir='ltr'>Wintonienfis,</span> 
     </span>
     <span class='ocr_line' id='line_1_191' title="bbox 1283 3393 2348 3435; baseline -0.006 -6"><span class='ocrx_word' id='word_1_1264' title='bbox 1283 3398 1505 3435; x_wconf 86' lang='lat' dir='ltr'>Lond&#39;oniensis,</span> <span class='ocrx_word' id='word_1_1265' title='bbox 1522 3399 1554 3428; x_wconf 90' lang='lat'>&amp;</span> <span class='ocrx_word' id='word_1_1266' title='bbox 1574 3395 1727 3433; x_wconf 83' lang='lat' dir='ltr'>Roffenfis)</span> <span class='ocrx_word' id='word_1_1267' title='bbox 1748 3396 1780 3427; x_wconf 89' lang='lat'>&amp;</span> <span class='ocrx_word' id='word_1_1268' title='bbox 1797 3406 1865 3426; x_wconf 85' lang='lat' dir='ltr'>unus</span> <span class='ocrx_word' id='word_1_1269' title='bbox 1881 3393 2007 3425; x_wconf 71' lang='lat' dir='ltr'>vestrum</span> <span class='ocrx_word' id='word_1_1270' title='bbox 2023 3394 2157 3431; x_wconf 85' lang='lat' dir='ltr'>(Fratres,</span> <span class='ocrx_word' id='word_1_1271' title='bbox 2178 3394 2348 3435; x_wconf 72' lang='lat' dir='ltr'>Partheniis,</span> 
     </span>
     <span class='ocr_line' id='line_1_192' title="bbox 1280 3430 2348 3475; baseline -0.007 -6"><span class='ocrx_word' id='word_1_1272' title='bbox 1280 3438 1470 3474; x_wconf 86' lang='lat' dir='ltr'>Morinensis,</span> <span class='ocrx_word' id='word_1_1273' title='bbox 1487 3437 1520 3467; x_wconf 90' lang='lat'>&amp;</span> <span class='ocrx_word' id='word_1_1274' title='bbox 1538 3434 1758 3472; x_wconf 82' lang='lat' dir='ltr'>Atrebatenlis,)</span> <span class='ocrx_word' id='word_1_1275' title='bbox 1781 3433 1930 3472; x_wconf 82' lang='lat' dir='ltr'>Episcopi,</span> <span class='ocrx_word' id='word_1_1276' title='bbox 1949 3433 2001 3475; x_wconf 68' lang='lat' dir='ltr'>unii</span> <span class='ocrx_word' id='word_1_1277' title='bbox 2020 3440 2134 3475; x_wconf 72' lang='lat' dir='ltr'>tecum,</span> <span class='ocrx_word' id='word_1_1278' title='bbox 2156 3430 2209 3461; x_wconf 88' lang='lat' dir='ltr'>Fili</span> <span class='ocrx_word' id='word_1_1279' title='bbox 2232 3432 2348 3471; x_wconf 76' lang='lat' dir='ltr'>Abbas,</span> 
     </span>
     <span class='ocr_line' id='line_1_193' title="bbox 1280 3469 2348 3511; baseline -0.006 -4"><span class='ocrx_word' id='word_1_1280' title='bbox 1280 3477 1326 3507; x_wconf 85' lang='lat' dir='ltr'>vel</span> <span class='ocrx_word' id='word_1_1281' title='bbox 1341 3477 1427 3506; x_wconf 90' lang='lat' dir='ltr'>etiam</span> <span class='ocrx_word' id='word_1_1282' title='bbox 1442 3476 1497 3505; x_wconf 87' lang='grc'><strong>11116</strong></span> <span class='ocrx_word' id='word_1_1283' title='bbox 1521 3483 1564 3511; x_wconf 82' lang='grc'>16,</span> <span class='ocrx_word' id='word_1_1284' title='bbox 1580 3481 1626 3503; x_wconf 86' lang='grc'><strong>3111</strong></span> <span class='ocrx_word' id='word_1_1285' title='bbox 1649 3482 1720 3502; x_wconf 89' lang='lat' dir='ltr'>unus</span> <span class='ocrx_word' id='word_1_1286' title='bbox 1743 3471 1889 3508; x_wconf 76' lang='lat' dir='ltr'>vestrum,</span> <span class='ocrx_word' id='word_1_1287' title='bbox 1909 3470 1960 3507; x_wconf 86' lang='lat' dir='ltr'>(W</span> <span class='ocrx_word' id='word_1_1288' title='bbox 1964 3474 2139 3507; x_wconf 84' lang='lat' dir='ltr'>intonienlis,</span> <span class='ocrx_word' id='word_1_1289' title='bbox 2158 3469 2348 3501; x_wconf 91' lang='lat' dir='ltr'>Londonien-</span> 
     </span>
     <span class='ocr_line' id='line_1_194' title="bbox 1278 3507 2346 3553; baseline -0.007 -8"><span class='ocrx_word' id='word_1_1290' title='bbox 1278 3515 1328 3553; x_wconf 82' lang='lat' dir='ltr'>siS,</span> <span class='ocrx_word' id='word_1_1291' title='bbox 1345 3517 1379 3546; x_wconf 66' lang='grc' dir='ltr'>ὃς</span> <span class='ocrx_word' id='word_1_1292' title='bbox 1395 3512 1545 3547; x_wconf 81' lang='lat' dir='ltr'>Roffensis)</span> <span class='ocrx_word' id='word_1_1293' title='bbox 1567 3520 1664 3541; x_wconf 88' lang='lat' dir='ltr'>tecum</span> <span class='ocrx_word' id='word_1_1294' title='bbox 1678 3511 1790 3551; x_wconf 75' lang='lat' dir='ltr'>Abbas,</span> <span class='ocrx_word' id='word_1_1295' title='bbox 1809 3508 1900 3547; x_wconf 64' lang='lat' dir='ltr'>quoad</span> <span class='ocrx_word' id='word_1_1296' title='bbox 1923 3507 2114 3549; x_wconf 79' lang='lat' dir='ltr'>Francorum,</span> <span class='ocrx_word' id='word_1_1297' title='bbox 2141 3517 2188 3538; x_wconf 86' lang='lat' dir='ltr'>aut</span> <span class='ocrx_word' id='word_1_1298' title='bbox 2205 3519 2272 3538; x_wconf 89' lang='lat' dir='ltr'>unus</span> <span class='ocrx_word' id='word_1_1299' title='bbox 2294 3520 2346 3539; x_wconf 83' lang='lat' dir='ltr'>ve-</span> 
     </span>
     <span class='ocr_line' id='line_1_195' title="bbox 1279 3545 2343 3591; baseline -0.005 -8"><span class='ocrx_word' id='word_1_1300' title='bbox 1279 3552 1371 3583; x_wconf 70' lang='lat' dir='ltr'>strum</span> <span class='ocrx_word' id='word_1_1301' title='bbox 1388 3550 1570 3591; x_wconf 83' lang='lat' dir='ltr'>(Pariliensis,</span> <span class='ocrx_word' id='word_1_1302' title='bbox 1596 3548 1784 3585; x_wconf 82' lang='lat' dir='ltr'>Morinenlis,</span> <span class='ocrx_word' id='word_1_1303' title='bbox 1808 3549 1841 3578; x_wconf 86' lang='lat'>&amp;</span> <span class='ocrx_word' id='word_1_1304' title='bbox 1862 3545 2059 3582; x_wconf 70' lang='lat' dir='ltr'>Ati-enatemus)</span> <span class='ocrx_word' id='word_1_1305' title='bbox 2085 3546 2235 3583; x_wconf 84' lang='lat' dir='ltr'>Episcopi,</span> <span class='ocrx_word' id='word_1_1306' title='bbox 2258 3548 2343 3578; x_wconf 82' lang='lat' dir='ltr'>etiam</span> 
     </span>
     <span class='ocr_line' id='line_1_196' title="bbox 1276 3584 2344 3626; baseline -0.007 -4"><span class='ocrx_word' id='word_1_1307' title='bbox 1276 3600 1374 3622; x_wconf 89' lang='lat' dir='ltr'>tecum</span> <span class='ocrx_word' id='word_1_1308' title='bbox 1402 3591 1516 3626; x_wconf 78' lang='lat' dir='ltr'>AbbaS,</span> <span class='ocrx_word' id='word_1_1309' title='bbox 1540 3587 1635 3626; x_wconf 85' lang='lat' dir='ltr'>quoad</span> <span class='ocrx_word' id='word_1_1310' title='bbox 1655 3587 1782 3626; x_wconf 70' lang='lat' dir='ltr'>Angliae,</span> <span class='ocrx_word' id='word_1_1311' title='bbox 1807 3585 1901 3624; x_wconf 84' lang='lat' dir='ltr'>Reges</span> <span class='ocrx_word' id='word_1_1312' title='bbox 1922 3584 2088 3622; x_wconf 66' lang='lat' dir='ltr'>praedicitis,</span> <span class='ocrx_word' id='word_1_1313' title='bbox 2113 3595 2145 3615; x_wconf 84' lang='lat' dir='ltr'>ea</span> <span class='ocrx_word' id='word_1_1314' title='bbox 2174 3586 2271 3622; x_wconf 85' lang='lat' dir='ltr'>exequi</span> <span class='ocrx_word' id='word_1_1315' title='bbox 2294 3596 2344 3617; x_wconf 86' lang='lat' dir='ltr'>va-</span> 
     </span>
    </p>

    <p class='ocr_par' dir='ltr' id='par_1_71' title="bbox 1272 3630 2342 3780">
     <span class='ocr_line' id='line_1_197' title="bbox 1331 3640 1360 3659; baseline 0 0"><span class='ocrx_word' id='word_1_1316' title='bbox 1331 3640 1360 3659; x_wconf 89' lang='lat' dir='ltr'>is.</span> 
     </span>
     <span class='ocr_line' id='line_1_198' title="bbox 1274 3630 2342 3701; baseline -0.006 -3"><span class='ocrx_word' id='word_1_1317' title='bbox 1274 3630 1428 3698; x_wconf 52' lang='lat' dir='ltr'>lealtNIostrae</span> <span class='ocrx_word' id='word_1_1318' title='bbox 1444 3673 1537 3696; x_wconf 77' lang='lat' dir='ltr'>tamen</span> <span class='ocrx_word' id='word_1_1319' title='bbox 1552 3663 1714 3694; x_wconf 82' lang='lat' dir='ltr'>intentionis</span> <span class='ocrx_word' id='word_1_1320' title='bbox 1728 3660 1819 3692; x_wconf 86' lang='lat' dir='ltr'>existit</span> <span class='ocrx_word' id='word_1_1321' title='bbox 1837 3660 1915 3700; x_wconf 79' lang='lat' dir='ltr'>quod</span> <span class='ocrx_word' id='word_1_1322' title='bbox 1930 3658 2069 3697; x_wconf 75' lang='lat' dir='ltr'>praemiffa</span> <span class='ocrx_word' id='word_1_1323' title='bbox 2084 3661 2184 3701; x_wconf 55' lang='lat' dir='ltr'>omniq</span> <span class='ocrx_word' id='word_1_1324' title='bbox 2198 3661 2231 3691; x_wconf 88' lang='lat'>&amp;</span> <span class='ocrx_word' id='word_1_1325' title='bbox 2247 3661 2342 3699; x_wconf 84' lang='lat' dir='ltr'>fingu-</span> 
     </span>
     <span class='ocr_line' id='line_1_199' title="bbox 1272 3698 2339 3744; baseline -0.007 -7"><span class='ocrx_word' id='word_1_1326' title='bbox 1272 3708 1315 3743; x_wconf 86' lang='lat' dir='ltr'>la,</span> <span class='ocrx_word' id='word_1_1327' title='bbox 1334 3716 1382 3744; x_wconf 84' lang='lat' dir='ltr'>per</span> <span class='ocrx_word' id='word_1_1328' title='bbox 1399 3705 1464 3735; x_wconf 88' lang='lat' dir='ltr'>Nos</span> <span class='ocrx_word' id='word_1_1329' title='bbox 1477 3702 1625 3739; x_wconf 70' lang='lat' dir='ltr'>concessa,</span> <span class='ocrx_word' id='word_1_1330' title='bbox 1645 3703 1672 3730; x_wconf 91' lang='lat' dir='ltr'>in</span> <span class='ocrx_word' id='word_1_1331' title='bbox 1691 3700 1771 3737; x_wconf 81' lang='lat' dir='ltr'>casu,</span> <span class='ocrx_word' id='word_1_1332' title='bbox 1788 3701 1819 3730; x_wconf 89' lang='lat' dir='ltr'>in</span> <span class='ocrx_word' id='word_1_1333' title='bbox 1834 3709 1893 3741; x_wconf 78' lang='lat' dir='ltr'>quo</span> <span class='ocrx_word' id='word_1_1334' title='bbox 1913 3699 1970 3729; x_wconf 83' lang='lat' dir='ltr'>Pax</span> <span class='ocrx_word' id='word_1_1335' title='bbox 1994 3699 2118 3729; x_wconf 88' lang='lat' dir='ltr'>sortietur</span> <span class='ocrx_word' id='word_1_1336' title='bbox 2136 3698 2288 3738; x_wconf 62' lang='lat' dir='ltr'>enectum,</span> <span class='ocrx_word' id='word_1_1337' title='bbox 2305 3703 2339 3731; x_wconf 84' lang='lat'>&amp;</span> 
     </span>
     <span class='ocr_line' id='line_1_200' title="bbox 1273 3738 1882 3780; baseline -0.015 -4"><span class='ocrx_word' id='word_1_1338' title='bbox 1273 3755 1333 3776; x_wconf 88' lang='lat' dir='ltr'>non</span> <span class='ocrx_word' id='word_1_1339' title='bbox 1351 3745 1444 3780; x_wconf 87' lang='lat' dir='ltr'>aliter,</span> <span class='ocrx_word' id='word_1_1340' title='bbox 1462 3741 1649 3777; x_wconf 81' lang='lat' dir='ltr'>intelligantur</span> <span class='ocrx_word' id='word_1_1341' title='bbox 1667 3738 1727 3768; x_wconf 88' lang='lat' dir='ltr'>fore</span> <span class='ocrx_word' id='word_1_1342' title='bbox 1742 3740 1882 3768; x_wconf 86' lang='lat' dir='ltr'>concella.</span> 
     </span>
    </p>

    <p class='ocr_par' dir='ltr' id='par_1_72' title="bbox 1274 3774 2340 3854">
     <span class='ocr_line' id='line_1_201' title="bbox 1312 3774 2340 3818; baseline -0.007 -5"><span class='ocrx_word' id='word_1_1343' title='bbox 1312 3783 1381 3813; x_wconf 88' lang='lat' dir='ltr'>Dat.</span> <span class='ocrx_word' id='word_1_1344' title='bbox 1394 3780 1467 3818; x_wconf 89' lang='lat' dir='ltr'>apud</span> <span class='ocrx_word' id='word_1_1345' title='bbox 1485 3779 1587 3809; x_wconf 83' lang='lat' dir='ltr'>Villam</span> <span class='ocrx_word' id='word_1_1346' title='bbox 1604 3786 1710 3807; x_wconf 87' lang='lat' dir='ltr'>novam</span> <span class='ocrx_word' id='word_1_1347' title='bbox 1726 3777 1898 3808; x_wconf 87' lang='lat' dir='ltr'>Avinionen.</span> <span class='ocrx_word' id='word_1_1348' title='bbox 1918 3775 2017 3806; x_wconf 85' lang='lat' dir='ltr'>Dioec.</span> <span class='ocrx_word' id='word_1_1349' title='bbox 2043 3776 2070 3805; x_wconf 89' lang='lat' dir='ltr'>ii.</span> <span class='ocrx_word' id='word_1_1350' title='bbox 2095 3774 2148 3806; x_wconf 85' lang='lat' dir='ltr'>kal.</span> <span class='ocrx_word' id='word_1_1351' title='bbox 2160 3774 2244 3815; x_wconf 90' lang='lat' dir='ltr'>Julii,</span> <span class='ocrx_word' id='word_1_1352' title='bbox 2261 3776 2340 3807; x_wconf 88' lang='lat' dir='ltr'>Pon-</span> 
     </span>
     <span class='ocr_line' id='line_1_202' title="bbox 1274 3816 1712 3854; baseline -0.023 0"><span class='ocrx_word' id='word_1_1353' title='bbox 1274 3820 1395 3854; x_wconf 76' lang='lat' dir='ltr'>tificatus</span> <span class='ocrx_word' id='word_1_1354' title='bbox 1410 3817 1497 3849; x_wconf 89' lang='lat' dir='ltr'>nostri</span> <span class='ocrx_word' id='word_1_1355' title='bbox 1511 3826 1584 3848; x_wconf 82' lang='lat' dir='ltr'>anno</span> <span class='ocrx_word' id='word_1_1356' title='bbox 1599 3816 1712 3846; x_wconf 61' lang='lat' dir='ltr'>octavo.</span> 
     </span>
    </p>
   </div>
   <div class='ocr_carea' id='block_1_34' title="bbox 1734 3860 2163 3950">
    <p class='ocr_par' dir='ltr' id='par_1_73' title="bbox 1734 3860 2163 3950">
     <span class='ocr_line' id='line_1_203' title="bbox 1734 3860 1902 3900; baseline -0.006 -8"><span class='ocrx_word' id='word_1_1357' title='bbox 1734 3861 1785 3900; x_wconf 89' lang='lat' dir='ltr'>Jo.</span> <span class='ocrx_word' id='word_1_1358' title='bbox 1804 3860 1902 3891; x_wconf 77' lang='lat' dir='ltr'>Bellih.</span> 
     </span>
     <span class='ocr_line' id='line_1_204' title="bbox 1820 3916 2163 3950; baseline -0.006 -1"><span class='ocrx_word' id='word_1_1359' title='bbox 1820 3918 1873 3950; x_wconf 78' lang='lat' dir='ltr'>Sub</span> <span class='ocrx_word' id='word_1_1360' title='bbox 1893 3916 1957 3947; x_wconf 83' lang='lat' dir='ltr'>Filis</span> <span class='ocrx_word' id='word_1_1361' title='bbox 1973 3916 2163 3947; x_wconf 75' lang='lat' dir='ltr'>Cannabaceis.</span> 
     </span>
    </p>
   </div>
   <div class='ocr_carea' id='block_1_35' title="bbox 2372 2267 2492 2336">
    <p class='ocr_par' dir='ltr' id='par_1_74' title="bbox 2372 2267 2492 2336">
     <span class='ocr_line' id='line_1_205' title="bbox 2378 2267 2454 2298; baseline 0 -9"><span class='ocrx_word' id='word_1_1362' title='bbox 2378 2267 2407 2289; x_wconf 83' lang='lat' dir='ltr'>E.</span> <span class='ocrx_word' id='word_1_1363' title='bbox 2429 2272 2454 2298; x_wconf 83' lang='lat'>3.</span> 
     </span>
     <span class='ocr_line' id='line_1_206' title="bbox 2372 2304 2492 2336; baseline -0.008 -8"><span class='ocrx_word' id='word_1_1364' title='bbox 2372 2305 2411 2328; x_wconf 85' lang='lat' dir='ltr'>Ex</span> <span class='ocrx_word' id='word_1_1365' title='bbox 2426 2304 2492 2336; x_wconf 60' lang='lat' dir='ltr'>Aug</span> 
     </span>
    </p>
   </div>
   <div class='ocr_carea' id='block_1_36' title="bbox 1933 3972 2152 4013">
    <p class='ocr_par' dir='ltr' id='par_1_75' title="bbox 1933 3972 2152 4013">
     <span class='ocr_line' id='line_1_207' title="bbox 1933 3972 2152 4013; baseline 0.005 -10"><span class='ocrx_word' id='word_1_1366' title='bbox 1933 3976 2013 4013; x_wconf 75' lang='lat' dir='ltr'>Super</span> <span class='ocrx_word' id='word_1_1367' title='bbox 2038 3972 2152 4004; x_wconf 86' lang='lat' dir='ltr'>Plicam.</span> 
     </span>
    </p>
   </div>
   <div class='ocr_carea' id='block_1_37' title="bbox 2061 4032 2268 4063">
    <p class='ocr_par' dir='ltr' id='par_1_76' title="bbox 2061 4032 2268 4063">
     <span class='ocr_line' id='line_1_208' title="bbox 2061 4032 2268 4063; baseline -0.005 -1"><span class='ocrx_word' id='word_1_1368' title='bbox 2061 4034 2095 4062; x_wconf 88' lang='lat' dir='ltr'>R.</span> <span class='ocrx_word' id='word_1_1369' title='bbox 2117 4032 2268 4063; x_wconf 88' lang='lat' dir='ltr'>Firminus.</span> 
     </span>
    </p>
   </div>
   <div class='ocr_carea' id='block_1_38' title="bbox 1744 4077 2338 4108">
    <p class='ocr_par' dir='ltr' id='par_1_77' title="bbox 1744 4077 2338 4108">
     <span class='ocr_line' id='line_1_209' title="bbox 1744 4077 2338 4108; baseline -0.008 0"><span class='ocrx_word' id='word_1_1370' title='bbox 1744 4077 1776 4108; x_wconf 91' lang='lat' dir='ltr'>D</span> <span class='ocrx_word' id='word_1_1371' title='bbox 1785 4077 1803 4108; x_wconf 95' lang='lat' dir='ltr'>d</span> <span class='ocrx_word' id='word_1_1372' title='bbox 1829 4087 1847 4108; x_wconf 89' lang='lat'>2</span> <span class='ocrx_word' id='word_1_1373' title='bbox 2272 4079 2338 4104; x_wconf 69' lang='lat' dir='ltr'>Con-</span> 
     </span>
    </p>
   </div>
  </div>
 </body>
</html>
