2561 4251
0 264 1 301 ¹
34 279 102 322 Nm
125 285 166 317 D.

0 333 1 339 ¹
56 334 139 365 1371·

35 366 104 395 Ebu.
125 374 149 401 3.

180 506 372 580 {reigngleterre
392 541 537 581 Qiarante
553 540 654 579 Quart.

45 811 176 848 AnnD.

63 861 148 893 1371.

44 897 159 926 ³41¹·45·

0 941 1 944 ¹
46 936 121 966 1:13.

44 973 101 998 Pae.
116 974 164 1002 45.

47 1012 78 1034 E.
101 1016 126 1042 3.

46 1051 72 1083 p.
97 1055 120 1071 i.
144 1051 182 1069 m.

65 1093 83 1119 4

48 1093 61 1121 Ἦ

87 1104 137 1149 vi.

46 1122 66 1187 0⁸²}

67 1169 79 1176 .

69 4054 89 4075 *
113 4056 165 4085 VI.

50 4095 115 4128 679.

759 185 872 227 ET
953 183 1221 228 ACTA

1303 182 1783 228 PUBLICA.

2277 199 2354 237 179

227 273 255 306 A
274 280 345 306 vous
361 270 478 303 mesmes
494 271 654 309 certifi'ons,
671 271 882 312 d'aboundarit,
899 272 937 303 les
950 273 1012 304 ditz
1030 271 1194 304 Desaccord
1207 272 1241 303 &t
1283 268 1368 310 iiiique
1393 279 1441 309 per
1463 270 1550 309 Nos,
1567 277 1635 302 cum
1654 271 1856 303 deliberatione
1868 273 1901 304 &
1913 273 2084 304 avisamento
2098 270 2189 302 nostri
2205 269 2347 309 Concilii,
2370 264 2444 294 ΑΠΗ-
2460 265 2501 295 D·

186 313 428 344 Desaffentement
448 311 499 348 de,
515 311 610 342 nostre
631 312 673 342 dit
693 311 794 342 Eisnez
814 311 889 349 Filz,
908 312 933 342 le
954 312 1075 349 Prince,
1094 321 1141 350 par
1163 311 1188 340 la
1202 318 1244 339 te-
1283 309 1361 345 super
1375 307 1432 338 hoc
1446 309 1522 339 aliter
1536 311 1616 340 fuerit
1631 311 1800 342 ordinatum.

1324 346 1578 386 Qiibuscumque,
1597 349 1723 392 insuper,
1740 349 1992 387 Conquerentibus
2010 349 2045 379 de
2065 349 2146 379 die'tis
2168 347 2289 377 Decaiio
2311 348 2345 378 ἃ
2366 344 2433 370 EM·
2456 352 2480 378 3Ἀ

185 362 260 383 110111
282 351 318 382 de
342 349 431 381 cestes
450 359 509 380 rioz
530 351 668 388 presentes
692 350 822 387 LettreS,
844 350 951 381 seallees
975 351 1010 381 de
1032 349 1127 380 nostre
1151 348 1245 378 Grant

188 391 303 458 selagon
325 418 339 464 a
360 420 456 457 nostre
478 417 573 465 Palays
594 411 630 456 de
653 425 884 464 Westmonster,
903 427 930 457 le
946 428 999 464 xxij
1019 427 1084 464 jour
1105 425 1143 455 du
1160 423 1248 464 Moys

183 466 219 497 de
237 465 357 503 Januer,
375 465 427 495 l'an
441 463 476 494 de
491 465 515 494 la
529 465 660 495 Nativite
675 465 768 495 nostre
780 466 826 495 Sei
846 476 914 495 neur
928 464 1013 503 Mill,
1033 464 1119 494 Trois
1132 463 1243 499 Centz,

237 512 329 541 tante,
344 504 378 534 &
392 502 466 540 Un,
483 504 516 534 &
531 503 566 533 de
582 512 633 533 nos
649 502 764 542 Regnes
776 503 818 534 de
827 474 940 535 {rauce
953 503 1064 533 Trente
1077 504 1197 540 primer,
1214 501 1248 531 &

235 675 330 721 'Super
351 670 489 717 hffandis
516 669 666 716 Abufibm
689 701 699 716 ‚
744 678 776 706 in
807 674 934 718 Eccltssa
959 674 1062 707 Sanffl
1085 672 1175 706 Pauli
1192 697 1202 712 ‚

620 723 828 769 Increpitoria.

193 806 342 870 REX,
361 806 520 838 Venerabili
542 807 570 837 in
590 806 708 838 Christo
731 800 821 846 Patri,
840 808 969 844 simoni,
988 806 1047 837 Dei
1062 803 1166 844 gratia,
1185 802 1255 841 Epi-

274 846 362 883 scopo
380 846 589 884 Londonienii,
609 847 742 877 Salutem.

233 881 280 924 Ad
294 884 438 915 Nobilem
452 884 607 914 Ecclesiam
623 885 720 915 Sanffti
733 884 811 914 Pauli
830 883 1006 921 Londoniae,
1236 916 1241 922 ι

232 923 350 991 ΥΟἩ113111,
367 921 461 961 Reges
483 922 664 960 inclitiffimi,
683 922 883 960 progenitores
905 920 1010 959 nostri,
1027 920 1063 949 ab
1084 917 1165 956 ipsius
1183 925 1257 956 ymls

195 961 259 992 Fun
280 962 412 1001 amentis,
431 969 591 998 erexerant,
606 961 639 992 ὅ(
656 961 749 991 multis
765 959 1004 998 Poffeffionibus,
1021 957 1208 993 Honoribus,
1222 955 1256 986 &

196 999 355 1038 Privilegiis
366 999 543 1038 dotaverant,

221 1074 223 1076 ,
239 1041 254 1056 *
272 1038 394 1077 Internae
412 1036 641 1075 considerationis
654 1037 787 1068 intuitum
801 1037 966 1075 dirigentes,
983 1033 1162 1066 acerbiffimo
1174 1031 1258 1062 dolo-

198 1087 228 1108 re
241 1076 425 1108 concutimur
438 1075 583 1114 quotiens,
600 1085 665 1105 eam
676 1076 784 1111 nedum
801 1077 830 1105 in
847 1076 959 1106 Divini÷
974 1074 1098 1105 Servitiis
1111 1073 1257 1109 Languere

197 1116 401 1154 conspicimus,
420 1114 458 1144 set
479 1115 563 1143 etiam
585 1115 667 1144 omni
682 1113 836 1154 Regimine
848 1115 928 1144 bono
947 1112 1077 1150 destitui,
1095 1110 1198 1141 nostris
1210 1119 1257 1139 aun

198 1154 276 1184 ribus
288 1152 461 1191 frequentius
474 1151 640 1189 inculcatur.

232 1192 361 1229 Nonne,
380 1190 553 1221 Venerabilis
568 1190 672 1230 Pater,
682 1190 838 1235 Episcope,
853 1191 914 1228 (qui
927 1189 1012 1220 didiae
1026 1187 1162 1220 Ecclesiae
1178 1187 1258 1221 Prae-

193 1229 251 1261 esse
270 1230 405 1261 tenemini
425 1230 525 1269 pariter
545 1226 578 1260 &
595 1228 737 1266 Prodesse)
758 1229 822 1259 Tot
837 1229 870 1259 &
883 1229 994 1266 Tanta,
1013 1238 1028 1258 a
1043 1227 1177 1265 Collegio
1193 1225 1257 1255 De-

193 1270 276 1307 cani,
299 1267 590 1306 Residentiariorum3
615 1270 648 1299 &
670 1267 795 1306 Capituli
816 1267 897 1305 ipfius
916 1267 1051 1297 Ecclesiae
1072 1264 1173 1296 vestrae
1199 1263 1258 1298 (ob

195 1307 296 1344 vestri,
312 1317 349 1337 ne
369 1306 482 1344 dicam,
496 1306 697 1344 negligentiam
713 1308 746 1338 ὃς
762 1306 933 1342 Defeetum)
954 1304 1105 1335 Modernis
1120 1302 1256 1345 Tempo-

198 1346 291 1383 ribus,
309 1345 440 1382 prodiiii'e
460 1344 694 1375 inconvenientia
709 1346 791 1384 (quae
807 1343 932 1384 Vulgatis
949 1343 1096 1373 Relatibus
1111 1340 1258 1380 publican-

201 1386 257 1421 tur)
269 1385 355 1415 videri
374 1384 454 1414 vobis
472 1382 574 1413 debeat
589 1382 762 1414 Probrosum
777 1384 810 1414 &
826 1384 910 1414 etiam
927 1380 1115 1412 Taediosum?
1149 1378 1256 1415 Cert'e,

197 1423 322 1454 occultae
345 1421 550 1453 Conniventiae
571 1420 711 1459 Scrupuio
731 1430 791 1452 non
807 1421 919 1459 caretis,
936 1420 1006 1451 dum
1023 1422 1082 1450 tam
1095 1417 1257 1448 Parentibus

199 1461 351 1492 Erroribus
365 1461 519 1491 nullatenus
531 1459 662 1491 obviatis.

235 1499 332 1531 Ecce!
351 1499 429 1542 quod
466 1498 502 1527 de
520 1500 670 1528 communi
689 1497 909 1528 Canonicorurn
927 1498 961 1528 &
986 1494 1188 1526 Ministrorum
1212 1495 1257 1537 ip*-

196 1539 248 1569 sius
269 1538 402 1569 Eccleiiae
423 1522 636 1575 firomptuario,
655 1536 898 1574 quemadmodum
920 1534 1011 1566 oculis
1030 1534 1127 1565 vestris
1141 1542 1260 1576 patenti-

199 1579 250 1608 bus
271 1578 418 1615 ingeritur,
436 1573 523 1604 hodie
539 1574 611 1604 faeta
625 1575 686 1606 sunt
702 1573 857 1605 Caenacula
871 1575 904 1605 ὃς
920 1573 1051 1612 Tristega
1068 1572 1256 1602 Mechanico-

196 1625 278 1653 rum,
300 1625 333 1646 ac
355 1614 444 1644 multa
466 1612 621 1644 Peiietralia
642 1612 829 1644 Conduetitia
845 1614 879 1644 &
901 1611 1093 1650 Receptacula
1114 1610 1259 1641 Scortato-

195 1663 269 1685 rum.

232 1690 366 1722 Procedit
377 1690 414 1722 ne
428 1688 485 1731 hoc
496 1689 531 1721 de
546 1690 634 1722 vestra
644 1690 848 1729 circumspetsta
860 1689 1046 1720 Tolerantia?
1061 1699 1095 1719 an
1108 1683 1144 1718 de
1153 1683 1257 1730 Laude

197 1730 308 1770 providi
324 1726 489 1760 Pontificis?
508 1730 587 1767 quod
597 1754 605 1768 ‚
620 1731 667 1761 ubi
682 1730 751 1760 solet
766 1730 800 1760 &
815 1729 899 1759 debet
914 1728 1131 1758 Canonico'rum
1146 1726 1179 1755 δε
1197 1725 1257 1755 Μι-

197 1768 353 1799 nistrorum
374 1768 456 1806 ipsius
475 1767 609 1799 Eccleiiae
622 1791 632 1806 ,
658 1769 725 1807 (qui
745 1769 785 1798 ob
805 1767 946 1798 Divinum
966 1765 1086 1797 Cultum
1103 1766 1257 1796 excercen—

196 1807 268 1838 dum
288 1806 400 1838 ibidem
427 1806 614 1837 statuebantur
642 1806 810 1844 antiquitus)
841 1805 1013 1836 Sustentatio
1030 1807 1063 1836 &
1083 1803 1186 1834 VicCtus
1205 1813 1258 1833 co-

196 1846 294 1877 tidiani
315 1847 347 1876 81
369 1846 500 1875 continui
519 1845 682 1883 praeparari,
705 1846 744 1875 ibi
765 1854 843 1874 nunc
863 1845 994 1884 (direptis
1014 1843 1148 1881 omnibus
1163 1837 1258 1879 Vasis,

193 1883 395 1921 Ornamentis,
414 1884 447 1914 &
462 1883 638 1914 Uteniilibus
651 1883 823 1921 necessariis,-
842 1893 875 1913 ac
890 1883 1031 1922 perpetuis
1047 1882 1208 1921 Direptioni
1224 1881 1257 1911 &

193 1922 361 1953 venditioni
373 1921 518 1961 expositis,
536 1923 569 1953 ὃς
586 1923 615 1952 111
629 1921 809 1952 Particulares
823 1921 899 1952 Usus
915 1921 1110 1951 Residentium
1125 1919 1255 1949 Canoni-

194 1971 298 1996 corum
318 1960 461 1991 dumtaxat
476 1961 636 1998 conversis)
662 1961 702 1991 ibi
716 1960 788 1992 fiunt
803 1960 945 1999 Vilitates,
962 1960 1106 1996 Foetores,
1122 1959 1155 1990 ὃς
1169 1958 1259 1989 Adrus

191 1998 417 2037 abhominabiles
433 1998 594 2030 Laicorum.

231 2037 270 2068 Et
303 2047 333 2068 ut
352 2038 386 2068 ad
401 2037 490 2076 magis
505 2037 631 2075 specialia
646 2037 865 2074 descendamus,
882 2036 1035 2074 Decanus,
1054 2030 1258 2073 Refidentiarii,

190 2075 249 2108 sive
263 2061 428 2114 Capitulum
447 2076 527 2115 ipsius
542 2075 694 2115 Ecclesiae,
710 2076 820 2106 nedum
842 2076 956 2114 nostris,
971 2076 1007 2107 set
1023 2076 1108 2105 etiam
1124 2074 1254 2105 Canoni-

190 2125 310 2154 corum,
329 2125 387 2146 non
404 2113 616 2153 Reiidentium,
635 2114 762 2146 Fratrum
785 2114 899 2144 suorum
920 2119 1064 2152 (quorum
1082 2122 1182 2152 magna
1196 2123 1257 2151 pars

191 2163 228 2185 ex
247 2153 440 2185 Familiaribus
460 2153 560 2184 nostris
579 2153 688 2192 existit,
703 2155 736 2185 &
757 2162 880 2190 quorum
900 2154 930 2182 in
945 2154 999 2183 hac
1013 2161 1088 2191 parte
1103 2152 1256 2189 specialiter

191 2192 321 2224 irite'reffe
338 2191 475 2229 versatur)
496 2192 675 2230 beneplacito
687 2193 721 2222 &
735 2191 840 2222 assensu
855 2192 975 2221 minime
990 2191 1126 2229 requisitis
1140 2191 1184 2221 vel
1201 2191 1254 2220 ob-

189 2232 291 2271 tentis,
309 2230 344 2262 ad
364 2230 427 2263 talia
448 2230 602 2268 procedere
623 2231 831 2269 praecipitanter
860 2231 894 2262 &
907 2230 1063 2262 voluntarie
1077 2228 1257 2268 praesumpse-

193 2278 271 2302 runt.

227 2308 265 2340 Et
281 2308 482 2341 nichilominus
499 2309 587 2349 (quod
602 2301 723 2341 deterius
736 2307 789 2346 est)
810 2319 826 2340 a
839 2307 997 2340 Canonicis
1013 2309 1046 2340 ὅ(
1063 2306 1203 2338 Ministris
1215 2306 1257 2344 ip-

189 2347 243 2379 fius
255 2348 390 2380 Ecclesiae
401 2348 635 2379 Sustentationem
649 2351 682 2380 &
699 2348 818 2379 ViCtum
833 2348 1051 2387 cotidianos,&
1066 2345 1257 2377 Emolumen-

189 2395 219 2418 ta
238 2387 300 2418 alias
320 2388 360 2417 eis
379 2387 492 2426 debita,
509 2387 674 2418 subtrahunt
695 2387 821 2418 indebite
838 2388 871 2418 &
886 2387 1007 2425 injuste,
1032 2386 1101 2417 cum
1116 2383 1256 2422 Iniustum

193 2427 300 2456 metito
317 2425 442 2464 judicare
463 2426 600 2457 debemus
619 2427 653 2457 &
672 2425 826 2465 Iniquum,
842 2434 873 2456 ut
893 2425 930 2456 de
948 2436 1002 2455 una
1024 2423 1184 2455 Substantia
1206 2423 1259 2452 ho-

192 2468 274 2502 rum,
289 2465 389 2504 quibus
408 2465 474 2496 inde
495 2465 633 2502 competit
653 2474 736 2503 aequa
754 2463 907 2502 successio,
931 2464 988 2494 Alii
1009 2463 1183 2494 abundanter
1204 2461 1259 2492 Af-

192 2501 299 2540 fluant,
318 2503 374 2533 Alii
396 2501 532 2533 Eoestaris
546 2503 738 2534 incommodo
752 2502 955 2541 ingemiscant,
973 2502 1096 2539 cessant,
1116 2500 1190 2539 proh
1204 2499 1258 2530 do-

189 2541 235 2571 lor
252 2540 257 2571 !
276 2542 305 2570 in
333 2542 390 2579 ipsa
409 2527 536 2572 ffeclefia
559 2541 701 2572 Cantariae
716 2564 726 2580 ,
753 2541 964 2580 Hospitalitates
979 2564 988 2579 ,
1019 2543 1053 2572 &
1073 2538 1258 2571 Eleemosinae

190 2579 386 2619 quamplures,
403 2590 467 2619 quae
486 2589 520 2611 ex
535 2581 616 2610 bonis
630 2581 664 2612 &
678 2580 828 2611 frustuosis
842 2579 1064 2610 Posseffionibus
1081 2581 1113 2610 δε
1128 2578 1258 2616 Praediis,

191 2618 237 2656 pia
249 2619 407 2648 intentione
420 2619 630 2657 Fundatorum,
645 2619 798 2657 antiquitus
811 2620 921 2650 fuerant
937 2618 1075 2649 stabilitae.

230 2656 416 2687 Poffeffiones
437 2657 564 2695 insuper,
582 2658 615 2688 &
629 2657 757 2688 Maneria
770 2658 910 2696 ejusdem,
928 2657 1007 2688 unde
1021 2657 1240 2687 Canonicorurn
1250 2678 1259 2692 ,

192 2693 387 2726 Residentium
409 2697 443 2727 &
464 2706 524 2727 non
546 2695 759 2734 Residentium,
777 2706 810 2726 ac
825 2696 945 2726 aliorum
962 2695 1163 2726 Ministrorum
1179 2694 1260 2733 ipsius

194 2733 346 2771 Ecclesiae,
363 2733 464 2764 Vietus
482 2734 516 2765 &
536 2734 706 2764 Sustentatio
729 2735 884 2772 cotidiana,
904 2736 931 2764 in
947 2734 1023 2764 Pane
1040 2734 1205 2771 (videlicet)
1225 2733 1259 2762 &

194 2770 497 2811 Cervisia,pr0cedere
509 2773 644 2810 debeant,
662 2773 820 2810 plurimum
836 2771 1030 2810 devastantur,
1048 2782 1080 2802 ac
1100 2771 1260 2808 Firmae,ex

194 2809 353 2846 huiusmodi
367 2811 563 2847 provenientes
579 2810 727 2849 Maneriis,
735 2811 769 2841 ad
786 2811 950 2848 particulare
963 2810 1157 2840 Residentium
1165 2809 1261 2839 Com-

192 2848 334 2888 modum,
353 2849 386 2879 &
401 2858 459 2878 non
474 2848 666 2879 Residentium
686 2847 903 2879 Canonicorum
916 2850 949 2879 &
967 2847 1173 2878 Ministrorum
1190 2848 1258 2878 alio-

189 2896 261 2956 ἑυὲιι
273 2887 415 2918 Fraudem
427 2887 460 2918 &
472 2886 715 2925 Incommodum,
732 2888 762 2917 iii
780 2887 900 2927 ipsarum
915 2887 1068 2925 quantitate
1079 2888 1112 2917 &
1128 2896 1260 2928 numero,

211 2935 227 2956 e
264 2935 379 2964 cantur,

229 2963 312 2995 Plura
330 2965 415 2996 etiam
432 2963 500 2993 inibi
520 2965 743 2996 committuntur
762 2963 901 2995 Enormia
923 2973 987 3003 quae
1002 2963 1113 3004 Regalis
1126 2964 1258 2996 honestas

192 3004 273 3047 cogit
292 3013 343 3033 nos
365 3003 430 3034 dare
446 3002 573 3042 silentio,
591 3004 624 3034 ὃς
640 3013 702 3042 quae
717 3003 801 3033 nimis
816 3004 934 3043 longum
948 3003 1016 3034 esset
1032 3004 1134 3043 singula
1146 3014 1195 3043 per
1209 3014 1257 3035 or-

192 3040 290 3072 dinem
304 3052 362 3073 enai
370 3051 437 3072 rare.

230 3080 267 3111 Et
289 3089 459 3120 quamquam
473 3103 483 3119 ,
501 3089 536 3110 ex
555 3079 715 3119 hujusmodi
742 3081 776 3112 &
797 3079 854 3111 aliis
870 3105 878 3120 ,
896 3081 957 3112 satis
976 3082 1132 3118 patentibus
1146 3104 1155 3120 ,
1171 3082 1258 3112 causis

194 3118 337 3158 possemus
356 3120 390 3149 &
405 3119 542 3149 debemus
558 3128 658 3150 contra
672 3119 781 3157 dictos,
799 3119 951 3150 Decanum
967 3121 999 3150 ὅ(
1016 3120 1181 3150 Canonicos
1196 3119 1258 3150 Re-

194 3157 329 3195 sidentes,
344 3158 390 3188 seu
412 3156 579 3195 Capitulum
588 3181 598 3197 ,
612 3157 765 3189 auferendo
782 3159 817 3188 ab
829 3160 868 3189 eis
883 3158 1068 3189 Poii'effiones
1082 3159 1116 3190 &
1130 3158 1257 3197 Praedia,

195 3204 245 3233 per
264 3194 358 3225 dictos
379 3195 577 3234 Progenitores
592 3196 702 3226 nostros
716 3197 755 3226 eis
767 3196 875 3227 dudum
891 3196 1019 3235 Collata,
1036 3198 1105 3228 cum
1120 3197 1186 3228 esset
1196 3198 1254 3235 jam

194 3232 273 3276 causa
307 3242 419 3277 propter
438 3243 522 3270 quam
545 3244 576 3264 ea
598 3235 687 3265 taliter
709 3233 826 3266 Donata
845 3236 969 3274 fueraut,
992 3235 1152 3275 [sublata,]
1173 3238 1206 3267 ὃς
1223 3236 1256 3266 ad

193 3271 246 3302 alia
266 3255 406 3315 Graviora
425 3280 460 3301 ex
481 3272 580 3302 ordine
593 3274 707 3302 rationis
740 3274 888 3312 rocedere,
903 3275 985 3305 vobis
1000 3283 1093 3304 tamen
1107 3275 1139 3306 ὃ(
1154 3274 1258 3305 Eccle-

193 3309 239 3340 siae
262 3311 313 3347 piis
335 3310 459 3340 motibus
476 3309 646 3349 deferentes,
663 3310 695 3340 O
729 3313 805 3343 cium
825 3312 950 3343 vestrum
972 3312 1112 3344 Pastorale
1133 3315 1191 3350 jugi
1212 3315 1257 3343 in-

195 3347 296 3378 stantia
316 3350 484 3385 excitamus,
506 3347 634 3379 nostrum
655 3348 762 3388 Regale
782 3350 942 3388 praesidium
956 3351 1106 3381 adiciendo
1119 3351 1211 3382 eidem
1227 3354 1256 3382 in

195 3385 249 3416 hac
271 3396 364 3426 parte,
382 3387 464 3417 vobis
486 3384 711 3418 Committentes
724 3387 876 3425 specialiter
891 3389 924 3419 &
940 3388 1109 3420 Mandantes
1126 3391 1257 3428 quatinus

193 3424 228 3455 ad
247 3425 385 3463 praemisia
405 3425 502 3456 omnia
521 3425 554 3456 &
570 3425 677 3462 singula
691 3426 874 3465 corrigenda,
891 3437 923 3457 ac
940 3428 968 3457 in
984 3427 1094 3458 Statum
1109 3428 1256 3467 pristinum

192 3464 342 3500 antiquum
363 3465 397 3495 &
420 3463 549 3493 debitum
571 3464 728 3494 reducenda
742 3487 751 3503 ,
779 3464 872 3494 modis
891 3466 1042 3504 omnibus,
1060 3475 1124 3496 ante
1143 3468 1257 3505 omnia,

194 3502 372 3532 Audieritate
394 3501 491 3532 nostri
512 3501 631 3541 Regali,
649 3511 732 3541 prout
753 3512 823 3541 opus
840 3502 940 3540 fuerit,
956 3504 1124 3535 cenantibus
1142 3506 1257 3543 quibus-

195 3550 318 3579 cumque
339 3540 568 3577 Appellationum
584 3541 617 3571 &
632 3541 886 3572 Reclamationum
904 3541 1056 3581 Diffugiis,
1072 3542 1147 3581 Juris
1163 3545 1258 3583 scripti

194 3588 242 3610 aut
254 3578 355 3609 Patriae
370 3578 483 3616 strepitu
514 3579 685 3616 procedatis·
706 3590 781 3610 nova
796 3579 947 3617 AEdificia,
965 3591 1028 3619 quae
1043 3581 1071 3610 in
1090 3581 1189 3619 Loco,
1205 3592 1257 3620 pro

194 3617 396 3655 Promptuario
415 3617 461 3647 seu
480 3601 601 3647 firacino
619 3618 651 3647 &
675 3603 800 3648 Pistrino
818 3619 903 3649 dietae
920 3619 1054 3650 Eccleiiae
1068 3619 1165 3650 Sancti
1182 3620 1257 3651 Pauli

195 3657 349 3695 antiquitus
363 3655 510 3690 ordinato,
528 3654 563 3684 de
578 3665 658 3686 novo
674 3656 777 3687 Erecta
796 3657 842 3688 seu
856 3656 1030 3688 constructa
1041 3659 1117 3694 sunt,
1137 3668 1253 3689 amove-

195 3696 219 3724 ri
241 3695 275 3726 &
296 3695 388 3726 divelli
411 3693 522 3733 penittis
544 3694 666 3731 faciatis,
683 3704 715 3724 ac
735 3695 844 3732 dictos,
860 3694 1016 3726 Decanum
1039 3697 1072 3726 &
1090 3696 1256 3728 Canonicos

194 3732 429 3771 Residentiarios,
446 3732 491 3762 seu
513 3730 694 3769 Capitulum,
711 3733 745 3762 ad
764 3732 1056 3764 Reconstructionem
1069 3734 1136 3764 dieti
1154 3734 1256 3766 Prom-

194 3773 291 3809 ptuarii
306 3772 351 3802 seu
368 3771 476 3802 Bracini
489 3771 522 3800 &
538 3770 649 3800 Pistrini
661 3770 844 3801 fiifficientem
857 3773 891 3802 &
904 3772 1026 3803 celerem
1041 3773 1230 3811 compellatis,

230 3809 348 3840 Interim
368 3819 462 3840 autem
486 3808 614 3839 Maneria
635 3810 749 3847 omnia,
767 3818 801 3838 ex
822 3809 923 3849 quibus
945 3809 1083 3841 Redditus
1103 3813 1136 3842 δε
1161 3812 1255 3843 Firma

191 3847 272 3878 dieto
292 3848 490 3888 promptuario
510 3847 553 3877 seu
564 3847 687 3887 Bracino
700 3848 733 3877 δε
750 3846 872 3877 Pistrino
885 3847 974 3885 solvi,
989 3850 1022 3880 &
1039 3849 1254 3881 Canonicorum

193 3886 229 3916 &
244 3885 444 3928 lVlinistrorum
457 3886 538 3925 ipsius
553 3886 686 3917 Eccleiiae
698 3885 869 3916 Sustentatio
884 3886 1042 3924 cotidiana,
1061 3889 1088 3917 in
1106 3887 1182 3918 Pane
1195 3890 1254 3921 (vi-

194 3923 315 3957 delicet)
331 3925 363 3955 δε
387 3925 527 3963 Cerviiia,
544 3925 692 3963 provenire
711 3925 827 3961 debeat,
843 3925 878 3955 ad
893 3924 1015 3956 Manum
1030 3925 1155 3956 nostram
1172 3926 1253 3958 redu-

194 3970 289 3992 centes
302 3962 335 3992 &
347 3964 530 4002 applicantes,

232 4000 349 4030 Faciatis
363 4001 428 4031 inde
440 4003 543 4032 eisdem
557 4000 711 4032 Canonicis
723 4003 755 4032 &
772 4000 928 4039 Ministris,
947 4002 982 4031 111·
990 4001 1068 4033 Pane
1083 4003 1116 4033 8(
1129 4002 1253 4035 Cervisia

193 4038 342 4071 cotidianis
356 4061 366 4076 ,
391 4039 423 4069 &
443 4040 500 4070 aliis
520 4039 730 4070 Emolumentis
749 4039 864 4078 debitis,
890 4050 973 4079 prout
995 4042 1146 4078 antiquitus
1160 4043 1178 4061 *ί
1194 4043 1253 4073 fieri

192 4076 541 4147 corisuetuPHfuePraZper
556 4078 720 4118 Fidedignas
736 4077 870 4110 Personas
883 4080 991 4119 integre
1006 4079 1252 4120 ministrari,quo-

260 4126 310 4147 om.
382 4138 388 4145 .
434 4139 440 4144 .
493 4139 499 4145 .

1287 382 1442 427 Canonicis
1460 385 1683 427 ResidentiariiS,
1698 388 1777 425 super
1789 389 1925 420 omnibus
1941 388 1975 418 &
1990 388 2118 426 singulis,
2137 386 2273 424 praemifla
2288 394 2348 414 tan-

1287 423 1433 466 gentibus,
1452 426 1621 463 iummarie,
1640 426 1802 463 simpliciter
1837 427 1870 456 &
1893 426 1929 455 de
1950 427 2035 464 plano
2057 424 2183 460 (sublato
2205 424 2288 454 omni
2302 432 2350 462 ap-

1288 460 1442 504 pellationis
1456 463 1585 492 remedio
1596 474 1602 495 i
1622 463 1750 493 festinam
1760 464 1796 502 Ju
1826 465 1904 494 itiam
1918 463 2031 494 faciatis.

1325 499 1405 542 Talia
1426 500 1452 529 su
1474 509 1503 529 er
1520 500 1696 538 hujusmodi,
1711 503 1744 533 &
1759 503 1894 532 omnibus
1908 503 1980 539 aliis,
2001 512 2033 532 ea
2047 502 2242 537 tangentibus,
2260 498 2350 529 01111--

1290 545 1434 580 nationes,
1485 539 1654 581 rovisioneS,
1672 540 1705 570 ὃς
1726 540 1847 579 Statuta,
1871 543 2012 579 perpetuo
2033 540 2185 577 durabilia,
2204 539 2353 575 facientes,

1292 584 1377 618 etiam
1398 576 1577 606 Autstoritate
1592 576 1720 615 Nostra,
1740 579 1828 615 qualia
1844 578 1912 609 Deo
1924 579 2048 615 Placita,
2066 577 2164 607 Nobis
2182 577 2353 619 Acceptabi-

1291 613 1343 650 lia,
1362 614 1395 644 &
1417 613 1550 657 Ecclesiae
1573 614 1782 654 Londonierisi,
1799 626 1833 647 ac
1847 616 2001 647 Canonicis
2013 616 2046 647 ὅ(
2062 615 2200 645 Ministris
2214 614 2352 651 ejuidern,

1292 650 1480 694 Praesentibus
1498 653 1531 682 &
1554 652 1678 691 Futuris,
1693 653 1755 683 fore
1775 655 1899 685 videritis
1914 655 2081 692 Oportuna,
2098 662 2146 691 ut,
2163 654 2266 683 eisdem
2284 652 2353 682 Nom

1294 690 1336 733 bis
1359 690 1398 732 &⁵
1411 689 1510 733 nostro
1530 690 1664 720 Concilio
1688 691 1876 730 Praesentatis,
1894 701 2014 730 extunc,
2035 702 2088 731 pro
2107 700 2238 729 perpetua
2260 692 2293 722 &
2306 693 2349 720 in—

1295 727 1420 757 violabili
1435 728 1637 759 Observatione
1652 730 1793 768 ipsorum,
1811 730 1985 760 deliberatius
1997 732 2151 761 ordinetur.
2352 761 2356 766 A

1333 765 1366 795 In
1388 767 1532 810 praemissis
1551 768 1684 797 omnibus
1699 769 1732 799 ὃς
1747 768 1856 807 fingulis
1871 769 1959 798 taliter
1975 779 2025 799 vos
2039 769 2187 805 babentes,
2202 775 2233 797 ut
2248 766 2351 797 Eccle-

1296 802 1331 833 sia
1354 804 1488 847 praediffihi
1511 814 1544 835 ac
1567 805 1693 835 Ministri
1707 806 1786 841 ipsius
1802 807 1835 836 ad
1848 807 1958 837 Statum
1974 807 2132 844 Antiquum
2148 806 2181 836 &
2199 803 2355 834 Pristiiium

1296 841 1455 872 Restitutos
1469 842 1494 872 se
1506 844 1641 881 gaudeant
1655 845 1687 875 &
1704 843 1870 883 Retinetos,
1888 846 1920 875 ὃ(
1935 844 2001 875 Nos
2014 845 2129 884 proinde
2140 846 2292 875 debeamus
2306 853 2356 873 ve-

1298 879 1384 909 stram
1405 880 1579 911 fructuosam
1601 881 1788 919 Diligentiam
1804 884 1910 913 merito
1932 882 2142 913 commendare.

1333 917 1447 962 Damus
1466 920 1575 957 insuper
1598 919 1704 957 Maiori
1718 922 1751 951 &
1767 920 1990 952 Vicecomitibus
2005 920 2135 951 Civitatis
2150 919 2254 950 nostrae
2272 919 2353 949 Lon-

1297 955 1393 986 doniae
1407 980 1417 994 ,
1442 958 1475 988 &
1495 958 1719 997 quibuscumque
1738 959 1794 989 aliis
1815 958 1955 989 Fidelibus
1977 960 2093 996 nostris,
2112 967 2209 988 tenore
2230 957 2355 988 Praesen-

1298 996 1368 1025 tium
1380 1017 1390 1033 ,
1402 995 1554 1033 specialiter
1578 998 1605 1026 in
1629 996 1786 1035 Mandatis,
1802 997 1948 1036 quatinus,
1965 999 1993 1028 in
2008 995 2158 1027 Praemissis
2172 996 2304 1027 omnibus
2319 996 2354 1026 δί

1298 1033 1408 1072 singulis
1421 1034 1554 1065 faciendis
1568 1036 1600 1065 ὅ(
1616 1036 1802 1073 exequendis,
1819 1044 1850 1066 ut
1863 1035 2050 1075 supradic‘tum
2067 1034 2125 1072 est,
2144 1033 2232 1064 Vobis
2244 1034 2277 1064 ὅ(
2292 1032 2355 1062 De—

1298 1073 1424 1116 putandis
1440 1072 1551 1110 vestris,
1567 1075 1695 1112 quotiens
1709 1075 1747 1104 eis
1762 1073 1806 1104 vel
1820 1083 1920 1105 eorum
1935 1075 2016 1105 alicui
2027 1074 2107 1113 super
2121 1073 2179 1103 hoc
2194 1071 2262 1102 scire
2277 1071 2353 1101 fece-

1296 1112 1372 1149 ritis,
1392 1110 1507 1141 Pareant
1520 1111 1673 1142 efficaciter
1688 1114 1721 1144 &
1736 1112 1894 1144 Intendant.
1925 1140 1929 1146 ,
2071 1143 2073 1145 .

1321 1149 1443 1193 ‘Datin
1460 1149 1570 1192 palacio
1582 1150 1679 1181 nostro
1692 1151 1818 1181 Westm.
1833 1151 1883 1183 sub
1897 1149 1997 1190 Magni
2006 1149 2097 1189 Sigilli
2112 1148 2199 1180 nostri
2206 1146 2356 1179 Testimo-

1298 1195 1365 1227 nio,
1385 1188 1520 1220 Vicesimo
1534 1192 1611 1220 iexto
1623 1189 1669 1219 die
1680 1189 1812 1228 januarii.

1847 1269 1902 1298 Per
1919 1265 1999 1306 ipsiaem
2017 1268 2120 1304 Regem„

1438 1412 1672 1444 conventionum
1690 1423 1760 1445 cnm
1779 1407 1981 1458 Janueigfibus
2001 1409 2202 1455 Confirmatio.

2398 312 2482 342 137¹·

1299 1493 1425 1550 REX
1443 1494 1606 1532 Omnibus,
1623 1496 1657 1527 ad
1670 1504 1741 1535 quos
1750 1519 1762 1541 ,Ι
1774 1496 1835 1528 &0
1849 1488 1983 1539 Saliitem.
2374 1484 2451 1543 AUR-
2470 1484 2512 1515 D=

1298 1534 1562 1610 Publicuciiiffasdam
1582 1535 1709 1566 Patentes
1731 1536 1836 1566 Literas
1849 1559 1859 1573 ,
1886 1537 1942 1566 live
1965 1533 2111 1573 quoddam
2131 1531 2355 1563 Instrumentum
2375 1532 2490 1598 (4111).ᾌὲ

1335 1609 1432 1649 Sigillo
1452 1610 1586 1642 Pascaloti
1605 1611 1684 1642 Usus
1705 1610 1809 1649 Maris,
1827 1610 2022 1642 Procuratoris
2045 1610 2077 1640 ὃ(
2100 1608 2214 1639 Nuncii
2235 1606 2358 1646 specialis
2377 1605 2405 1628 E.
2431 1610 2455 1636 3·

1298 1646 1390 1679 Ducis
1412 1650 1445 1680 ὅ(
1466 1647 1692 1681 Communitatis
1714 1650 1914 1689 januensium,
1933 1659 1966 1679 ac
1984 1648 2075 1686 Signis
2090 1649 2122 1678 &
2138 1647 2250 1677 Subscri
2272 1646 2358 1676 tioni-
2377 1642 2492 1673 Pa²·45·

1297 1686 1348 1717 biis
1364 1687 1589 1727 Magistrorum,
1604 1689 1740 1726 Johannis
1755 1689 1790 1719 de
1804 1688 1954 1719 Branketre
1968 1687 2000 1717 &
2016 1685 2169 1716 Willielmi
2182 1684 2218 1714 de
2265 1685 2356 1722 yring-

2377 1680 2456 1712 E.3.

1296 1733 1346 1754 ton
1356 1748 1366 1763 ,
1386 1726 1578 1757 Notariorum
1591 1727 1779 1759 Publicorum
1789 1736 1839 1766 ,ac
1854 1725 2038 1757 Clericoruin
2054 1726 2087 1756 &
2102 1724 2124 1754 F
2126 1723 2292 1754 amiliarium
2305 1730 2360 1751 no-
2377 1723 2401 1752 P·
2421 1724 2445 1741 ¹·

1294 1759 1419 1794 strorurn
1439 1765 1566 1804 signatas,

1335 1802 1391 1833 Per
1414 1802 1566 1842 Praelatos,
1582 1804 1733 1842 proceres,
1753 1804 1786 1835 &
1807 1803 1951 1842 Sapientes
1974 1801 2070 1842 Regni
2083 1799 2208 1838 Nostri,
2227 1799 2263 1829 de
2279 1796 2364 1828 Con-

1297 1840 1365 1871 ‘cilio
1384 1841 1484 1872 nostro
1504 1842 1669 1880 existentes,
1691 1842 1725 1873 ad
1746 1843 1803 1872 hoc
1824 1843 1972 1880 propterea
1993 1849 2188 1877 convocatOS,
2206 1838 2305 1877 inspici
2328 1838 2362 1868 &

1296 1881 1447 1910 examinari
1463 1881 1581 1912 fecimus
1595 1881 1760 1919 diligenter,
1777 1881 1930 1911 Tenorem
1945 1880 1993 1918 qui
2009 1880 2128 1919 sequitur
2143 1879 2337 1914 continentes,

1334 1917 1377 1948 IN
1401 1918 1481 1949 Dat
1501 1919 1706 1956 NOMINE,
1725 1919 1860 1950 ΑΜΕΝ.

1335 1955 1484 1988 Noverint
1498 1957 1650 1998 Univerli,
1666 1958 1812 1996 praesentes
1827 1957 1934 1988 Literas
1947 1955 2116 1994 inspesturi,
2133 1953 2213 1993 quod
2227 1953 2297 1984 cum
2312 1951 2367 1983 du-

1296 1994 1387 2034 dum,
2203 2021 2217 2026 ,.

1333 2034 1427 2073 inter,
1448 2034 1720 2066 Excellentiffimum
1742 2034 1906 2074 Principem
1930 2034 1962 2065 &
1986 2032 2170 2068 Dominum,
2195 2028 2364 2062 Dominum

1297 2070 1490 2111 Edwardum,
1506 2074 1564 2104 Dei
1580 2075 1680 2113 gratia,
1696 2074 1821 2105 Franci-ae
1837 2074 1869 2104 &
1883 2073 1996 2112 Angliae
2011 2071 2125 2110 Regem
2139 2068 2365 2106 Illustrem,suos

1297 2110 1432 2143 Subditos
1447 2113 1481 2142 &
1497 2112 1607 2151 fideles,
1624 2113 1727 2143 Terras
1740 2113 1773 2144 ὃ(
1789 2112 1931 2142 Dominia
1940 2134 1950 2149 ,
1966 2120 2000 2143 ex
2015 2119 2093 2149 parte
2108 2119 2181 2147 una,
2199 2109 2251 2146 &,
2268 2117 2362 2145 quon-

1296 2150 1363 2180 dam
1384 2150 1578 2188 Magnificum
1599 2151 1632 2182 &
1646 2151 1799 2182 Potentem
1819 2150 1919 2182 Virum
1929 2173 1939 2188 ,
1953 2148 2116 2188 Johannem
2130 2148 2165 2178 de
2179 2146 2279 2177 Murta
2293 2154 2362 2176 tunc

1297 2187 1434 2228 Ducem,
1452 2199 1486 2220 ac
1509 2189 1726 2221 Comunitatem
1749 2191 1782 2221 &
1806 2188 2005 2219 Districtuales
2020 2209 2031 2226 ,
2053 2196 2202 2225 totumque
2220 2185 2362 2223 populum

1297 2227 1428 2259 Civitatis
1440 2250 1449 2266 ,
1464 2227 1636 2266 Territorii,
1654 2230 1688 2260 &
1706 2227 1863 2259 Distrietfis
1878 2226 2024 2267 Januensis
2039 2249 2049 2266 ,
2068 2236 2120 2266 pro
2142 2226 2182 2255 eis
2202 2225 2236 2255 &
2259 2231 2362 2253 eorum

1297 2265 1531 2306 distridmalibus,
1549 2277 1583 2297 ex
1596 2267 1697 2306 alterii,
2218 2287 2220 2289 »
2296 2291 2298 2295 ,

1336 2304 1526 2336 Consideratis
1541 2305 1684 2345 Dampnis
1696 2307 1729 2337 &
1746 2304 1962 2335 Offensionibus
1975 2302 2093 2334 realibus
2105 2303 2138 2334 &
2155 2300 2362 2344 personalibus,

1298 2342 1423 2381 Praedis,
1440 2344 1630 2384 Homicidiis,
1651 2345 1801 2382 Roberiis,
1818 2343 1957 2374 Incendiis
1976 2342 2010 2373 &
2034 2341 2169 2379 Rapinis,
2184 2350 2216 2370 ac
2238 2340 2296 2383 aliis
2312 2337 2362 2368 In-

1297 2383 1387 2421 iuriis,
1406 2383 1637 2422 offensionibus,
1655 2382 1824 2421 Violentiis,
1838 2383 1871 2414 &
1888 2381 2030 2420 Dampnis
2044 2379 2169 2417 diversis,
2183 2379 2242 2409 tam
2258 2388 2287 2408 in
2305 2385 2362 2407 ter-

1297 2421 1346 2459 ra,
1365 2423 1452 2459 quam
1467 2422 1496 2451 in
1514 2423 1603 2461 mari,
1622 2432 1671 2460 per
1685 2422 1814 2452 Armatas
1831 2421 1960 2451 Navium
1974 2420 2008 2450 &
2024 2418 2197 2456 Galearum,
2214 2416 2362 2455 Personis,

1299 2458 1417 2498 Rebus,
1435 2460 1487 2498 &,
1506 2459 1608 2499 Bonis,
1622 2470 1655 2490 ac
1675 2460 1772 2498 aliter,
1790 2458 1858 2490 hinc
1878 2459 1945 2489 inde
1968 2458 2065 2495 saepius
2086 2457 2264 2496 perpetratis,
2286 2454 2362 2486 unde

1299 2508 1464 2536 guerrarum
1479 2501 1604 2530 turbines
1617 2498 1734 2530 violenti
1748 2499 1847 2529 exoriri
1862 2497 2030 2536 peramplius
2045 2497 2237 2533 timebantur,

1337 2538 1509 2569 Affe&antes
1532 2538 1617 2569 dietae
1640 2546 1730 2575 partes
1745 2537 1906 2575 hujusmodi
1919 2535 2095 2566 Guerrarum
2109 2535 2142 2566 &
2157 2532 2363 2564 Offenfionum

1299 2578 1454 2615 patentibus
1467 2577 1598 2616 periculis
1611 2577 1727 2606 obviare
1736 2598 1745 2614 ,
2180 2603 2185 2609 ,

1335 2614 1420 2645 Certa
1436 2614 1720 2653 Confoederationes,
1739 2614 1900 2651 Amicitias,
1914 2611 2151 2649 Conventiones,
2163 2608 2366 2647 Remiffiones,

1300 2650 1402 2691 Patra,
1420 2653 1453 2684 &
1477 2652 1581 2684 Pacem
1605 2662 1785 2692 perpetuam,
1803 2652 1964 2683 comuniter
1984 2651 2017 2682 &
2040 2650 2222 2685 concorditer
2245 2650 2367 2678 inierunt

1300 2693 1333 2723 &
1351 2692 1496 2730 fecerunt,
1512 2700 1599 2729 prout
1619 2694 1646 2722 iri
1662 2691 1786 2730 quodam
1801 2691 1995 2721 instrumento
2010 2689 2146 2729 publico,
2165 2698 2249 2718 manu
2264 2686 2367 2717 Oberti

1302 2729 1450 2769 Mazurri,
1474 2729 1611 2769 Imperiali
1633 2731 1798 2760 audioritate
1816 2730 1952 2767 Notarii,
1968 2728 2013 2758 die
2032 2729 2128 2766 quinta
2149 2726 2256 2756 Mensis
2276 2724 2343 2764 Julii
2356 2746 2366 2762 ,

1300 2779 1375 2798 anno
1395 2768 1519 2800 Domini
1536 2769 1706 2806 Millesitno,
1724 2769 1970 2805 Trescentesimo,
1993 2766 2215 2835 (Qtiadragesimo
2229 2764 2365 2804 septimo,

1299 2808 1456 2877 ffinfeitg,
1472 2807 1579 2847 plenius
1600 2809 1780 2845 continetur,
1797 2808 1876 2846 cujus
1888 2816 1967 2838 tenor
1980 2804 2027 2835 Ini
2043 2806 2165 2836 rumenti
2179 2803 2300 2843 sequitur
2314 2802 2364 2833 sub

1321 2857 1351 2877 iis
1364 2856 1411 2879 ver
1433 2856 1467 2885 is,

1335 2922 1382 2955 IN
1408 2933 1583 2956 nomme
1611 2924 1793 2956 SANcTAE
1819 2930 1870 2954 ΕΤ
1890 2918 2362 2953 INDIVI'DUAETRINITA-

1301 2972 1391 3002 τις,
1427 2964 1576 2995 BEATAE
1604 2964 1764 2993 MARIAE
1791 2970 2020 2993 GLORIOSAE
2047 2961 2281 2995 VIRGIle,
2308 2964 2361 2987 ΕΤ

1300 3011 1462 3034 ’roTius
1481 3002 1606 3033 CAELE
1622 3010 1705 3032 sTis
1726 3000 1888 3031 Cuiuffi.
1920 3000 2044 3029 Nobiles
2059 3000 2128 3036 viri,
2148 2998 2306 3028 Anthonius
2325 2995 2361 3039 de

1299 3042 1390 3073 Flisco
1414 3047 1422 3072 (
1433 3042 1524 3072 dictus
1541 3040 1712 3075 Cardinalis)
1733 3039 1820 3070 Cives
1838 3039 1937 3077 Januae
1955 3061 1964 3075 ,
1987 3037 2207 3075 Procuratores,
2234 3035 2361 3071 Sindic1,

2380 1763 2415 1781 m.
2435 1754 2480 1789 36.

1297 3081 1486 3118 &'A<Stores,
1504 3078 1683 3117 &c.prout*
1701 3078 1794 3114 Vol.5.
1815 3081 1856 3107 A.
1873 3080 1912 3107 D.
1935 3085 2019 3116 1347.
2038 3075 2076 3110 &
2097 3079 2139 3105 A.
2158 3078 2193 3105 R.
2210 3076 2245 3104 E.
2268 3083 2292 3115 3.
2312 3082 2360 3102 21.
2379 3070 2398 3089 '¹⁸
2416 3069 2476 3099 Scil.

1297 3119 1373 3158 &f-
1392 3119 1456 3158 569-

2374 3110 2511 3144 EditLonff

1334 3159 1536 3197 subsequenter
1559 3158 1647 3192 vero,
1664 3155 1799 3193 providus
1819 3156 1852 3186 &
1874 3153 2093 3192 circumspeetus
2114 3154 2157 3182 vir
2201 3148 2358 3180 Pascalotus
2372 3147 2426 3175 din.

1296 3197 1473 3234 Ususmaiis,
1491 3195 1572 3225 Civis
1583 3194 1744 3233 Janueniis,
1765 3193 1936 3224 Procurator
1948 3194 1981 3223 &
1993 3192 2140 3228 sindicus,
2156 3176 2356 3223 Procuratorio

1297 3237 1330 3266 δε
1350 3236 1504 3266 Sindicario
1518 3234 1658 3271 nomine,
1674 3232 1902 3269 Magnificorum
1919 3232 1952 3262 &
1968 3231 2120 3261 Potentum
2136 3231 2279 3264 virorum,
2291 3225 2357 3255 Do-

1298 3276 1460 3309 minorum‚
1480 3272 1620 3303 Gabrielis
1642 3271 1751 3301 Adurni
1772 3280 1857 3308 tunc,
1877 3272 1909 3302 ὅς
1928 3270 2077 3299 Dominici
2091 3268 2126 3298 de
2143 3263 2357 3307 Caupofregoso

1296 3323 1392 3351 nunc,
1412 3313 1430 3332 ἵ·
1442 3312 1560 3342 Ducum
1572 3309 1771 3348 januensium,
1789 3309 2002 3346 Ancianorum,
2021 3308 2205 3345 Sapientum,
2224 3304 2256 3334 ὃ(
2274 3310 2359 3332 totius

1296 3350 1490 3381 Comunitatis
1506 3349 1658 3386 Ianuensis,
2088 3374 2092 3377 ,
2110 3383 2114 3387 ¹
2320 3380 2325 3384 ¹

1332 3390 1450 3420 Habens
1473 3389 1505 3418 ad
1524 3388 1683 3426 Subscripta
1697 3386 1887 3423 potestatem,
1905 3392 1988 3423 prout
2001 3393 2049 3422 per
2062 3382 2132 3413 Tria
2146 3381 2360 3423 Procuratoria,

1298 3427 1398 3467 Sigillis
1421 3426 1633 3464 Archiepiscopi
1647 3447 1657 3463 ,
1682 3424 1821 3462 Ducum,
1846 3426 1878 3454 &
1901 3423 2093 3453 Comunitatis
2110 3421 2308 3463 Janueniium,
2325 3418 2360 3448 si-

1297 3474 1396 3505 gnata,
1414 3475 1510 3497 coram
1532 3463 1643 3503 Magno
1665 3462 1801 3494 Concilio
1821 3463 1900 3500 ipsius
1916 3462 2037 3491 Domini
2055 3459 2156 3498 Regis,
2174 3467 2244 3489 tunc
2261 3468 2289 3487 111
2309 3456 2360 3501 Pa-

1298 3506 1367 3535 111110
1381 3507 1430 3535 suo
1445 3502 1756 3539 Westrnonasterienfi,
1775 3511 1864 3539 prope
1878 3500 2033 3530 Civitatem
2050 3498 2169 3537 Regiam
2182 3497 2362 3533 Londomae,

1298 3544 1455 3581 existentis,
1476 3553 1524 3580 per
1540 3541 1630 3578 ipsum
1645 3541 1822 3571 Pascalotum
1837 3539 1958 3570 exhibita
1972 3538 2089 3576 publice
2103 3539 2136 3568 &
2151 3536 2279 3574 ostensa,
2300 3545 2361 3567 ma-

1300 3583 1425 3612 nifestius
1437 3580 1602 3621 apparebat,

1338 3621 1422 3652 Petiit
1440 3619 1597 3659 suppliciter
1610 3618 1643 3648 ὃ(
1659 3617 1810 3654 instanter,
1829 3616 1926 3654 vigore
1942 3613 2147 3644 Mandatorum
2162 3615 2195 3644 &
2212 3612 2361 3643 Potestatis

1298 3660 1353 3690 suae
1369 3658 1544 3697 hujusmodi,
1562 3656 1849 3691 Confoederationes,
1870 3653 2034 3690 Amicitias,
2054 3652 2156 3690 Pacta,
2178 3653 2359 3682 Conventio-

1297 3708 1361 3735 nes,
1381 3700 1414 3729 &
1432 3698 1533 3727 Pacem
1548 3695 1715 3733 supradicta,
1735 3704 1787 3733 pro
1803 3693 1952 3722 recentiori
1967 3691 2119 3728 memori-i,
2140 3691 2282 3728 utriusque
2290 3689 2358 3720 Par-

1297 3738 1344 3774 tis,
1364 3736 1518 3766 Securitate
1534 3734 1681 3769 &Quiete
1695 3733 1806 3769 majori,
1824 3740 1857 3760 ex
1873 3730 2060 3765 habundanti,
2076 3732 2109 3760 &
2121 3740 2154 3759 ex
2164 3729 2261 3759 Cauiis
2275 3730 2360 3759 ratio-

1297 3775 1434 3805 nabilibus
1458 3783 1483 3805 at
1508 3783 1541 3801 ue
1563 3773 1636 3808 justis
1670 3771 1767 3800 denuo
1790 3770 1938 3807 renovari,
1955 3769 2027 3805 fieri,
2047 3768 2228 3806 confirmari,
2246 3779 2280 3798 ac
2304 3779 2358 3806 pro

1296 3822 1371 3851 parte
1388 3814 1468 3851 ipsius
1487 3784 1617 3840 [Domini
1641 3793 1727 3846 Regis
1744 3809 1868 3838 Franciae
1880 3808 1911 3838 &
1929 3808 2057 3846 Angli-ae,
2077 3808 2269 3845 omniumque
2283 3806 2357 3838 Sub-

1295 3853 1418 3883 ditoriim
1434 3852 1562 3886 suorum,
1578 3848 1667 3878 teneri
1681 3847 1798 3877 firmiter
1813 3857 1844 3876 ac
1864 3847 2057 3876 inviolabiliter
2071 3846 2218 3875 obiervari.

1333 3892 1421 3929 Super
1439 3900 1492 3928 qua
1507 3887 1620 3926 quidem
1644 3885 1800 3922 Petitione,
1819 3885 2012 3915 Procuratoris
2033 3885 2065 3914 δε
2087 3885 2196 3915 Sindici
2211 3884 2356 3923 praedit‘ti,

1297 3940 1364 3961 cum
1388 3929 1522 3958 Domino
1544 3925 1624 3962 Rege
1642 3924 1782 3962 praedielo
1798 3946 1808 3961 ,
1831 3924 1936 3953 ibidem
1958 3924 1985 3951 in
2009 3923 2058 3951 suo
2081 3922 2195 3960 Magno
2217 3922 2354 3954 Concilio

1296 3968 1472 4006 personaliter
1497 3963 1649 4001 existente,
1668 3963 1759 3993 multa
1781 3964 1813 3992 δε
1838 3960 1945 3991 matura
1962 3960 2174 3993 Deliberatione
2185 3961 2355 4000 praehabita,

1296 4007 1371 4037 idem
1392 4005 1535 4034 Dominus
1548 4002 1630 4039 Rex,

1334 4044 1441 4074 Volens
1456 4042 1559 4072 Pacem
1574 4041 1680 4071 servare
1693 4039 1857 4077 praedictam
1867 4060 1877 4074 ,

1332 4083 1381 4113 De
1397 4081 1538 4112 Fidelitate
1550 4079 1689 4118 Johannis
1701 4078 1824 4109 Domini
1840 4074 1990 4144 deZNZVffl
1998 4099 2008 4114 ,
2023 4076 2165 4108 Guidonis
2179 4077 2215 4108 de
2229 4076 2360 4144 Briffilil‘i:

2391 3295 2410 3315 ³*
2439 3298 2493 3327 VI.

2390 3334 2463 3363 680.
