2561 4251
240 138 298 179 μ

93 204 172 243 Ἇῃη.
188 208 230 241 D.
285 209 384 250 Johan
401 206 560 244 Lambard,
953 207 1080 242 Bourgeis
1098 205 1130 236 de
1142 203 1230 234 Char-

96 260 136 317 ΕΞ
142 248 177 289 36
184 259 195 279 1
201 273 207 279 .
287 247 432 280 Bertrand
448 246 562 276 Ladent
569 268 582 285 ‚
990 250 1055 275 tres.

136 300 165 317 v.
181 299 207 326 3.

281 324 452 402 ,ξ’ἓῖῑεέεάῗ
452 328 563 401 ⁰1⁷1ng
560 332 576 399 ,c
583 346 593 360 ²
915 332 940 385 }
953 344 1080 382 Bourgeis
1095 343 1128 373 de
1144 343 1229 383 Liste.

283 437 399 475 Tybaud
413 436 519 476 Beket,
917 448 944 500 }
957 440 1085 483 Bourgeis
1103 437 1135 468 de
1152 440 1243 468 Beau-

281 477 381 516 Johan
404 477 436 506 de
452 478 537 515 Puys,
989 487 1072 514 vtez,

280 555 498 598 PiereGerenn,
915 563 941 615 }
953 553 1080 590 Bourgeis
1111 551 1145 582 de

280 591 413 622 Gmlltam
432 594 558 627 Gerenn,
988 592 1091 630 Troyes.

279 667 379 707 Johan
397 666 421 696 le
438 670 507 705 Roi,
915 677 940 729 }
952 670 1080 705 Bourgeis
1096 668 1128 698 de
1146 671 1234 698 Bour-

280 707 379 746 Johan
397 705 518 744 Palard,
983 717 1039 744 ges.

94 797 110 814 e
129 798 181 824 VI·
281 785 296 800 ¹*
312 785 396 829 Hem.
415 781 447 811 de
466 781 590 827 Marde,
924 785 1080 845 {Bourgeis
1097 783 1130 813 de
1145 784 1228 814 Tour-

95 844 159 872 325·
282 821 392 862 Estzene
417 821 447 850 de
473 819 581 858 Baslle,
914 853 917 855 .
991 832 1054 861 nay-

277 896 528 978 'ngllyzzryfisstliyg'
914 907 940 959 }
951 917 1078 955 Bourgeis
1094 918 1126 947 de
1143 920 1228 959 Roen,

278 1015 360 1055 Joan
378 1013 538 1052 Hangeboc,

596 1054 598 1056 Ι
916 1011 1082 1074 }Bourgeis
1098 1009 1130 1039 de
1147 1012 1230 1039 Saint

278 1057 380 1092 George
395 1052 598 1093 Maynabours,

991 1050 1085 1077 Omer.

275 1130 413 1170 Jede‘uyn
438 1140 457 1159 a
481 1127 649 1168 Lagneulk,

910 1137 936 1189 }
947 1127 1075 1162 Bourgeis
1093 1124 1126 1154 de
1143 1126 1199 1154 Or-

277 1168 392 1199 Arnoul
403 1171 522 1209 Regnyer
528 1190 539 1207 ,

984 1162 1060 1194 liem.

304 1256 385 1286 aques
403 1244 533 1291 Naflett,

273 1295 384 1362 JJZZJ
393 1286 503 1361 goltp’re
513 1344 522 1361 ‚
539 1322 669 1357 Bourgeis
687 1317 719 1348 de
738 1319 870 1357 Amyens.

273 1360 397 1391 Richard
410 1361 442 1390 de
460 1363 553 1399 Bray,
570 1360 684 1396 Burgeis
701 1357 734 1386 de
747 1359 831 1386 Caen.

272 1399 353 1430 Don.
373 1400 441 1430 souz
454 1398 549 1430 nostre
562 1396 659 1428 Grant
672 1395 749 1434 Seal,
770 1404 785 1424 a
799 1392 897 1425 nostre
912 1392 1005 1434 Palays
1024 1392 1061 1425 de
1083 1392 1210 1424 Westm.
1236 1393 1262 1426 le
1277 1395 1306 1425 ix

233 1440 300 1478 jour
315 1438 351 1469 de
361 1438 447 1479 Juyn.

925 1242 1089 1304 }Bourgeis
1107 1239 1140 1270 de
1165 1239 1258 1270 Chaa-

999 1278 1073 1317 lons,

239 1566 298 1598 Pro
323 1558 514 1609 Burgenfibus
536 1558 573 1593 de
590 1555 771 1599 Abbeville,
788 1556 880 1602 stipor
898 1558 1104 1589 sacramentis
1119 1553 1302 1602 praestandis.

89 1640 219 1673 Anu-D·
240 1647 366 1706 REX
387 1646 550 1684 Omnibus,
567 1644 601 1675 ad
617 1653 704 1682 qUOS,
724 1643 783 1674 &c.
803 1640 937 1671 Salutem.

116 1679 199 1719 1361.
334 1684 534 1726 Supplicatum
548 1683 647 1720 nobis,
665 1682 762 1712 dilecti
777 1682 810 1711 &
832 1679 926 1709 fideles
946 1677 1035 1709 nostri
1072 1678 1186 1717 Maj0r,
1203 1679 1302 1710 Scabi-

85 1722 139 1747 An.
156 1728 200 1756 35·
236 1725 282 1764 ni,
300 1725 332 1756 &
349 1723 497 1764 Burgenses
510 1722 593 1754 Villae
614 1719 720 1751 nostrae
740 1719 776 1751 de
798 1718 967 1756 Abbeville,
985 1718 1014 1748 in
1033 1701 1180 1748 hominio
1201 1719 1300 1749 nostro

86 1761 116 1784 Ε·
142 1767 154 1794 3
235 1763 271 1794 de
284 1763 428 1801 Pontivo,
445 1770 497 1801 ut,

85 1798 222 1834 frana-35,
273 1801 373 1840 Cslm’

86 1838 117 1861 Ε·
137 1844 162 1870 3·
272 1841 355 1879 Juxta
369 1840 522 1871 Libertates
535 1837 568 1869 &
583 1835 670 1866 Privil
709 1836 750 1873 'a‚
767 1835 805 1865 eis
821 1842 870 1873 per
885 1831 984 1864 Cartas
1004 1832 1226 1872 Progenitorum
1247 1844 1302 1865 no-

86 1880 123 1900 m·
135 1873 162 1901 3·
234 1878 374 1917 strorum,
390 1877 536 1917 quondam
551 1875 666 1915 Regum
710 1874 809 1914 ngliae,
827 1881 897 1904 tunc
911 1870 1065 1902 Comitum
1080 1870 1244 1904 Comitatus
1265 1873 1301 1905 de

234 1917 378 1956 Pontivo,
395 1916 545 1953 concessa,

270 1956 428 1987 Confimile
442 1955 675 1990 Sacramentum,
692 1952 762 1982 sicut
780 1949 828 1990 ipsi
844 1949 878 1980 &
893 1947 1094 1980 Anteceffores
1107 1949 1145 1979 sui
1161 1950 1244 1981 nobis
1262 1951 1297 1982 δε

230 1995 460 2026 Antecefforibus
474 1992 574 2023 nostris
589 1992 734 2028 fecerunt,
750 1990 788 2020 eis
803 1997 837 2019 ex
850 1997 926 2026 parte
939 1986 1036 2019 nostra
1050 1987 1109 2019 fieri
1124 1987 1242 2028 debeat,
1261 1990 1294 2021 &

229 2034 366 2064 haetenus
383 2032 579 2069 consueverit,

267 2072 431 2110 iidemque,
448 2070 561 2108 Major,
575 2068 708 2105 Scabini,
723 2067 756 2097 &
771 2064 939 2106 Burgenses,
958 2103 964 2109 ἱ

268 2111 315 2141 Ad
332 2110 452 2148 nostras,
472 2108 647 2139 Fidelitatem
666 2107 700 2137 ὃς
721 2104 941 2143 obedientiam,
952 2110 1032 2142 Juxta
1052 2103 1178 2134 formam
1200 2104 1298 2144 Pacis,

230 2149 305 2180 inter
327 2149 394 2179 Nos
412 2150 463 2186 ὃς,
480 2146 675 2185 Magnificum
696 2144 879 2181 Principem,
1075 2142 1193 2180 Regem
1212 2143 1236 2174 F
1237 2154 1299 2174 ran-

227 2190 298 2226 ciae‚
316 2188 441 2218 Fratrem
455 2186 584 2216 nostrum
601 2182 791 2220 carissimum,
810 2183 888 2212 initae
905 2180 938 2212 &
955 2177 1093 2220 firmatae,
1110 2182 1271 2221 venientes,

265 2227 477 2257 Sacramentum
490 2225 523 2255 &
539 2223 730 2259 Fidelitatem,
748 2221 831 2251 nobis
844 2220 953 2256 debita,
972 2219 1092 2251 fecerint
1106 2228 1137 2251 ut
1149 2228 1296 2260 tenentur,

263 2265 391 2334 lfflimus
401 2265 438 2295 eis
452 2262 599 2293 confimile
611 2262 827 2293 Sacramentum
842 2267 876 2289 ex
889 2266 966 2297 parte
981 2257 1096 2297 nostra,
1114 2258 1173 2289 fieri
1182 2261 1295 2299 jubere;

307 2314 338 2334 os

266 2326 452 2373 Attexidenres
468 2338 566 2378 quod,
583 2338 650 2367 licet
675 2335 806 2366 Comites
825 2333 992 2364 Comitatus
1013 2334 1159 2372 praedicti,
1174 2342 1204 2365 ut
1223 2334 1298 2375 Regi

230 2381 264 2412 δε
283 2381 412 2410 Corona:
428 2379 553 2410 Franciae
568 2386 636 2407 tunc
650 2374 751 2406 subditi
766 2397 776 2413 ,
797 2373 997 2412 juramentum
1012 2373 1172 2410 hujusmodi
1189 2374 1295 2412 praesti-

232 2419 328 2449 tissent
343 2419 476 2448 hactenus
485 2440 495 2455 ,

269 2457 416 2496 Qodque
434 2455 614 2486 Comitatum
629 2451 717 2490 ipsum
738 2451 771 2482 δε
785 2449 962 2480 Dominium
974 2448 1114 2492 ejusdem,
1131 2449 1188 2480 fine
1201 2450 1294 2491 aliquo

232 2497 345 2533 medio,
364 2506 392 2526 ut
406 2495 586 2532 Superiorem
600 2492 746 2522 neminem
763 2488 980 2529 cognoscendo,
998 2497 1096 2527 vigore
1119 2487 1200 2519 Pacis
1222 2500 1294 2526 prae-

233 2534 335 2571 diffie,
353 2543 495 2564 teneamus
507 2532 541 2563 ad
556 2530 690 2570 praesem,
708 2529 808 2567 quibus
823 2527 859 2558 de
873 2525 970 2557 Causis
987 2525 1022 2557 ad
1036 2526 1249 2558 Sacramentum
1264 2528 1296 2558 il-

235 2573 284 2603 lud
320 2572 486 2603 raestandum
503 2570 621 2600 minime
636 2577 780 2599 teneamur

312 2620 427 2642 ttamen
443 2609 556 2647 Major,
573 2607 704 2644 Scabini,
723 2607 756 2636 ὅτ,
774 2589 939 2647 &urgenseffi
963 2603 1047 2634 Villae
1069 2602 1173 2634 nostrae
1193 2604 1298 2642 praedi-

236 2649 307 2687 Q,
323 2650 353 2680 iu
377 2648 477 2680 nostris
494 2646 638 2678 Fidelitate
662 2645 694 2674 &
711 2643 905 2685 Obedientia,
922 2642 1083 2672 succeffuris
1107 2644 1297 2683 temporibus,

235 2688 360 2718 stabilitis
377 2688 571 2726 perseverent,
594 2684 628 2714 &
647 2681 821 2722 cognoscant
840 2680 990 2723 perteffitis
1007 2689 1058 2710 nos
1076 2691 1177 2711 eorum
1197 2682 1298 2712 Liber-

233 2736 300 2757 tates
315 2727 347 2757 &
358 2726 427 2765 Jura
441 2724 512 2756 velle
527 2725 565 2754 eis
580 2724 613 2754 ὅ(
627 2731 727 2752 eorum
741 2719 945 2750 succefforibus
967 2718 1073 2749 illibata
1092 2723 1229 2759 perpetuo
1244 2721 1298 2751 ob-

233 2766 354 2803 servari,
370 2773 471 2795 eorum
485 2761 743 2800 Supplicationibus
756 2758 901 2796 inclinati,

272 2803 414 2834 Volumus
429 2802 463 2834 &
478 2799 676 2832 Concedimus
697 2797 777 2836 quod
793 2795 962 2827 Scnescallus
981 2793 1093 2834 noster,
1110 2795 1166 2826 five
1181 2795 1298 2828 Locum

235 2842 365 2873 nostrum
379 2851 476 2872 tenens
489 2840 517 2870 in
533 2839 612 2869 dicio
621 2837 765 2867 Dominio
779 2833 878 2865 nostro
892 2833 1081 2871 dePontivo,
1100 2835 1147 2872 qui
1154 2844 1216 2903 1pro
1224 2845 1296 2866 tem-

235 2892 305 2922 pore
317 2881 438 2917 fuerint,
453 2880 486 2910 &
507 2879 594 2908 etiam
607 2876 670 2914 alii,
687 2876 707 2905 s1
728 2875 776 2913 qui
799 2874 877 2904 idem
900 2872 1074 2903 Dominium
1095 2873 1130 2902 de
1177 2876 1298 2913 ontivo,

234 2930 286 2960 per
309 2917 535 2949 Conceffionem
557 2914 702 2952 nostram,
723 2913 769 2944 vel
791 2911 951 2943 Haeredum
974 2911 1155 2949 nostrorum,
1177 2921 1223 2942 aut
1243 2914 1297 2944 alio

236 2959 345 2994 modo⁷
364 2955 550 2994 impostert‘un
570 2953 734 2991 habuerint,
751 2959 782 2981 ut
800 2950 926 2981 Ministri
947 2950 981 2980 &
1000 2949 1115 2979 Subditi
1138 2951 1223 2980 nostri
1245 2953 1296 2981 ibi-

236 2997 304 3027 dem
314 3019 324 3035 ,
342 2997 370 3025 in
384 2995 504 3033 ipsorum
518 2993 635 3032 propriis
648 2990 820 3028 Animabus,
839 2990 872 3021 ὅ(
887 2996 1020 3027 quatenus
1030 2987 1153 3028 ipsorum
1166 2988 1300 3028 Regimi-

236 3045 271 3066 na
285 3035 330 3065 vel
350 3033 457 3063 Officia
470 3034 560 3072 poffet
571 3039 762 3067 concernere,
779 3029 812 3060 &
829 3038 889 3058 non
902 3027 980 3057 aliter
992 3027 1091 3065 quovis
1103 3026 1192 3057 modo
1201 3051 1209 3065 ,
1225 3038 1299 3058 con-

236 3074 327 3104 simile
340 3072 570 3107 Sacramentum,
589 3070 658 3099 sicut
679 3067 823 3107 praediffi,
843 3065 958 3104 Major,
975 3065 1108 3101 Scabini,
1123 3066 1157 3096 &
1172 3065 1297 3105 Burgen-

235 3112 290 3150 ses,
309 3112 408 3148 nobis,
427 3111 472 3140 vel
487 3109 563 3153 ipsis,
581 3109 698 3138 nomine
711 3105 810 3136 nostro
822 3105 968 3141 fecerunt,
986 3103 1030 3134 vel
1043 3102 1163 3139 facient,
1184 3105 1217 3135 ὃς
1230 3105 1279 3136 Co

236 3153 319 3181 mites
335 3149 405 3180 dieti
420 3147 584 3179 Comitatus
601 3147 636 3176 de
649 3145 773 3175 Pontivo
785 3143 919 3174 haC’oenus
937 3142 1079 3180 fecerant,
1095 3141 1212 3180 eisdem,
1229 3143 1297 3173 Ma-

236 3189 306 3228 iori,
324 3188 467 3225 Scabinis,
491 3187 524 3217 ὃς
548 3184 730 3223 Burgensi'uus
749 3183 853 3213 faciant
867 3205 876 3220 ,
898 3182 932 3212 &
953 3180 1046 3210 facere
1067 3188 1212 3210 teneantur
1234 3183 1297 3212 vice

236 3227 333 3265 versa,
351 3234 435 3267 prout
455 3226 532 3263 juxta
549 3223 704 3253 Libertates
725 3222 758 3252 &
784 3220 936 3256 Privilegia
953 3219 1120 3256 supradicta,
1146 3217 1246 3249 nostris
1263 3222 1296 3251 ὃς

236 3266 381 3297 dictorum
394 3263 611 3303 Progenitorum
626 3262 815 3297 temporibus,
834 3258 1031 3289 rationabiliter
1044 3256 1102 3286 fieri
1117 3257 1270 3288 consuevit.

274 3304 329 3335 Per
344 3303 510 3343 praesentem
524 3310 620 3331 tamen
631 3298 853 3329 Concesfionem
870 3296 992 3327 nostram
1001 3318 1010 3333 ,
1026 3304 1072 3325 aut
1084 3303 1196 3333 propter
1209 3296 1299 3334 aliqua

241 3341 397 3373 Libertates
409 3340 453 3371 seu
468 3339 620 3376 Privilegia
641 3337 791 3375 praedit‘ta,
808 3336 851 3366 vel
870 3336 919 3365 alia
939 3344 1003 3373 quae
1021 3342 1150 3372 apparere
1168 3342 1299 3372 poterunt

235 3382 271 3410 in
286 3382 431 3417 futurum,
447 3378 514 3409 nolu
549 3388 579 3407 us
596 3376 681 3415 Nos,
699 3375 742 3405 vel
758 3374 892 3404 Haeredes
907 3373 1019 3403 nostros
1026 3393 1036 3410 ,
1054 3371 1300 3410 adjuramentum

242 3419 433 3487 praestandum
446 3418 512 3452 huju
524 3416 602 3446 modi
618 3413 835 3453 quomodolibet
848 3413 975 3450 obligari.

299 3467 316 3486 n
333 3459 411 3486 cu'us
447 3456 507 3486 &c.

319 3467 388 3524 Dai.
406 3479 435 3524 iii
454 3493 560 3524 Palatio
579 3491 678 3523 nostro
694 3488 821 3521 Westm.
840 3489 976 3519 vicesimo
994 3487 1095 3527 quinto
1112 3486 1158 3516 die
1173 3485 1261 3525 Junii.

721 3569 774 3597 Per
789 3564 869 3604 ipfhm
883 3567 979 3602 Regem
994 3562 1033 3599 ὠ·
1047 3561 1200 3593 Concilium.

318 3700 377 3729 Pro
402 3693 489 3727 distis
515 3688 705 3738 Burgenſsbur
719 3716 728 3732 ‚
753 3688 789 3722 de
811 3686 991 3730 franchestis
1016 3686 1211 3732 confirmatis.

104 3772 183 3803 Anu>
196 3771 239 3803 D·
256 3779 379 3836 REX
399 3778 561 3821 Omnibus,
579 3775 613 3806 ad
628 3773 794 3815 qu05,-&c.
813 3774 946 3804 Salutem.
1029 3811 1034 3816 ·
1230 3809 1235 3814 ¹

133 3812 206 3851 1361
353 3818 369 3846 K
382 3819 487 3847 olentes
523 3814 642 3845 dilectos
661 3813 693 3842 &
714 3811 807 3840 fideles
828 3811 954 3848 nostros,
974 3809 1136 3849 Minorem,
1152 3806 1305 3848 Scabmos,

106 3854 158 3877 An.
183 3835 229 3886 35¹·
256 3857 290 3886 &
311 3855 457 3891 Burgenses
473 3839 556 3885 V³illae
574 3851 678 3882 nostrae
695 3850 731 3879 de
750 3850 914 3886 Abbeville,
936 3851 965 3879 in
989 3848 1132 3879 Dominio
1151 3846 1251 3876 nostro
1270 3849 1307 3879 de
1341 3852 1360 3882 Ρ

106 3892 129 3916 Ε
160 3898 190 3932 3,-
257 3894 395 3930 Pountif,
413 3902 442 3923 ut
457 3894 505 3930 ipsi
517 3893 591 3923 bene
605 3891 639 3920 ὃ(
656 3888 772 3918 fideliter
792 3897 858 3924 erga
879 3897 931 3916 nos
950 3887 977 3916 se
991 3894 1102 3925 gerant,
1120 3886 1154 3916 &
1173 3885 1203 3914 in
1224 3885 1306 3916 Obe-

143 3927 207 3955 lbzd.
256 3932 358 3965 dientia
370 3931 465 3960 nostra
478 3929 639 3959 constanter
653 3934 833 3967 permaneant
841 3948 850 3961 ,
867 3925 962 3968 favore
974 3925 1102 3963 prosequi
1113 3924 1246 3964 gratiofi),

107 3967 128 3986 ²¹¹
151 3967 200 3997 VI,
291 3970 401 4000 Omnia
416 3968 585 4002 Libertates,
603 3964 799 4002 Franchesias,
817 3964 850 3993 &
864 3962 1030 4001 Privilegia‚

108 4005 173 4042 3²5·
288 4011 307 4046 ἒ
319 4007 369 4040 Eis
389 4016 438 4047 per
456 4005 554 4037 Cartas
572 4004 794 4044 progenitorum
813 4000 976 4033 nostrorum
991 4024 1002 4041 ,
1023 3999 1167 4041 quondam
1187 3998 1303 4039 Regum

674 116 1475 167 CONVENTIONES,

1553 120 1949 172 LITERAE,

1344 202 1481 281 Argiae,
1492 204 1525 234 &
1540 204 1696 236 Comitum
1708 204 1871 236 Comitatus
1882 204 2067 244 dePountif,
2083 204 2232 243 conceffi,
2413 203 2490 237 Ann.
2530 222 2539 242 ,Α

1419 252 1461 287 uae
1474 252 1529 280 jam
1543 243 1647 273 habent
1656 266 1665 279 ,
1684 244 1718 274 &
1733 244 1769 274 de
1781 245 1881 281 quibus
1892 243 1981 274 Seifiti
1995 245 2028 276 &
2043 246 2072 274 in
2083 244 2258 275 Posseffione
2272 243 2404 284 existunt,
2433 240 2528 284 13612,

1341 280 1377 327 ὃς
1397 281 1543 311 dictorum
1571 280 1793 320 Progenitorum
1816 281 2001 319 nostrorum,
2020 283 2054 314 &
2078 283 2181 313 nostris
2211 283 2481 321 temporibusffldv,
2499 288 2528 323 ς(

1340 319 1413 349 dum
1427 320 1504 350 idem
1519 319 1692 350 Dominium
1708 321 1737 350 in
1755 320 1885 350 manibus
1906 319 2029 356 ipsorum
2050 320 2268 360 Progenitorum
2291 320 2404 352 nostro-

1341 367 1404 388 rum
1419 359 1451 389 &
1467 357 1568 388 nostris
1581 359 1687 396 extitit,
1702 358 1742 388 usi
1757 360 1869 388 fuerunt
1875 381 1887 396 ,

1379 395 1505 426 Praefatis
1515 421 1524 435 ,
1540 395 1644 434 Majori
1654 419 1664 435 ,
1680 396 1823 434 Scabinis,
1840 397 1873 428 &
1887 395 2090 435 Burgenfibus,
2105 399 2140 429 δε
2154 408 2254 429 eorum
2267 396 2402 429 Haeredi-
2524 398 2531 401 ’

1342 435 1411 473 bus,
1430 434 1629 473 Rafficarnus,
1652 437 1687 467 &
1709 445 1763 476 pro
1778 436 1860 466 nobis
1879 434 1913 466 &
1931 434 2101 465 Haeredibus
2121 436 2220 468 nostris
2238 436 2402 468 Confirma-
2517 456 2532 479 q

1343 473 1649 555 mtssffirssitaerriqgrsierggr’
1658 511 1757 542 eadem
1778 511 1955 550 Libertatem
1973 511 2163 551 FranchefiaS,
2179 513 2213 544 δε
2232 512 2401 553 Privilegia‚
2522 499 2524 503 ‚

1340 549 1475 580 Articulis
1490 549 1588 594 Pacis,
1607 558 1680 580 inter
1697 550 1764 581 Nos
1783 552 1835 590 &,
1852 549 2044 590 Magnificum
2065 549 2250 590 Principem,
2267 571 2401 577 ——-—-
2435 549 2438 552 ⁴

1340 587 1755 666 {efiiffloprribtncdir'ogeffirffm
1768 589 1899 620 nostrum
1912 589 2105 628 cariffimum,
2122 590 2201 620 initae
2221 590 2256 621 &
2268 592 2403 634 firmatae,

1378 665 1414 696 In
1432 665 1528 702 cujus,
1543 666 1605 696 &c.

1416 703 1486 735 Dat,
1502 703 1533 733 in
1547 702 1656 734 Palatio
1669 701 1769 733 nostro
1788 701 1915 733 Westtn.
1930 703 2067 735 vicesimo
2083 705 2186 744 quinto
2204 704 2250 736 die
2263 706 2351 746 Junii.

2042 782 2094 811 Per
2109 783 2192 822 ipfiam
2204 785 2311 822 Regem.

1548 915 1609 948 Pro
1634 916 1720 948 Duce
1746 913 1951 961 Andegaviae,
1976 913 2012 948 de
2036 914 2186 950 Licentia.

1339 999 1493 1068 LFgloi
1507 1010 1522 1030 a
1538 1023 1548 1038 ,
1572 998 1668 1069 nSofcre
1685 998 1841 1030 Treschere
1856 999 1890 1030 δε
1907 999 2042 1032 Τῐείὲωε
2058 1001 2166 1034 Neveu
2179 1025 2191 1042 ,
2213 1002 2239 1034 le
2270 1002 2340 1035 Duc
2366 1004 2402 1036 de
2413 998 2488 1068 Am}-
2503 1000 2549 1036 D.‘]

1449 1049 1466 1068 n
1488 1048 1558 1076 eou,
1599 1049 1614 1068 a
1626 1046 1671 1069 uz.
2431 1047 2444 1068 1
2490 1049 2515 1070 1.

1379 1047 1542 1107 Defirrgantz
1554 1077 1578 1107 la
1593 1076 1696 1108 Saunte
1710 1075 1747 1107 de
1757 1075 1850 1107 vestre
1869 1075 1981 1115 Corps,
1996 1088 2067 1108 vous
2081 1077 2208 1111 Donons
2229 1079 2348 1121 Congie
2363 1081 2400 1114 de
2413 1047 2464 1106 ‘9¹3-
2480 1089 2526 1116 35·

1340 1124 1414 1145 vous
1426 1114 1626 1155 Transporter,
1643 1116 1709 1146 hors
1723 1115 1759 1145 de
1771 1115 1796 1145 la
1809 1114 1893 1145 Citee
1907 1115 1942 1145 de
1957 1115 2084 1147 Londres
2417 1119 2445 1144 Ε.
2465 1127 2491 1154 3.

1374 1152 1427 1198 ¹En
1441 1154 1522 1191 quele
1538 1164 1607 1183 vous
1620 1153 1691 1184 estes
1702 1153 1827 1192 obligiez
1840 1163 1855 1183 a
1868 1153 2012 1185 demurrer
2028 1139 2187 1195 Hostages,
2205 1168 2257 1195 pur
2265 1157 2401 1190 l'accom-
2415 1158 2471 1184 Pas.
2500 1165 2543 1194 35·

1341 1191 1504 1232 phssement
1516 1192 1564 1222 des
1578 1191 1702 1230 Choses,
1718 1192 1860 1222 accordez
1873 1201 1922 1232 par
1935 1202 1983 1233 my
2003 1192 2028 1223 la
2043 1192 2128 1233 Paix,
2145 1195 2210 1226 faite
2229 1206 2309 1228 entre
2331 1208 2404 1229 nous
2416 1197 2445 1221 E.
2467 1204 2493 1232 3·

1343 1230 1377 1262 ὅ(
1390 1229 1485 1261 nostre
1499 1230 1638 1261 treschere
1649 1231 1733 1261 Frere
1746 1229 1782 1260 de
1792 1230 1900 1260 France
2410 1238 2435 1268 p.
2451 1243 2478 1261 2.

1381 1268 1476 1308 Qele
1488 1277 1565 1309 part,
1583 1279 1639 1308 que
1653 1279 1723 1300 vous
1738 1269 1826 1308 plerra
1859 1253 1970 1300 declanz
1991 1268 2028 1300 les
2042 1268 2165 1303 Termes
2184 1271 2280 1304 nostre
2300 1272 2402 1306 Roial-
2413 1281 2451 1299 m.
2466 1281 2512 1301 20·

1344 1316 1410 1352 me,¹
1429 1307 1495 1338 sanz
1507 1307 1596 1348 passer
1607 1308 1726 1352 ycelles,
1743 1317 1792 1345 par
1806 1291 1862 1339 [jn
1878 1306 1958 1337 Mois
1970 1309 2073 1346 entier,

1380 1346 1411 1377 81
1425 1356 1495 1386 que,
1513 1346 1662 1385 totef01tz,
1679 1355 1751 1378 vous
1767 1355 1839 1377 vous
1851 1345 1995 1384 presentcz
2009 1357 2024 1377 a
2037 1357 2126 1386 nous,
2143 1357 2183 1378 ou
2197 1358 2211 1378 a
2220 1349 2316 1382 nostre
2322 1350 2405 1383 Con-

1349 1384 1414 1424 seii,
1433 1395 1468 1415 en
1485 1385 1510 1414 la
1523 1385 1581 1416 dite
1595 1383 1677 1416 Citee
1692 1384 1729 1416 de
1743 1384 1888 1422 Londres,
1902 1395 1937 1415 au
1952 1385 2032 1416 chief
2042 1385 2080 1416 du
2095 1385 2139 1417 dit
2152 1385 2248 1426 Mois,
2263 1399 2316 1429 pur
2354 1389 2404 1421 de.

1341 1432 1450 1454 murrer
1463 1422 1623 1463 Hostages,
1636 1433 1673 1454 en
1688 1432 1802 1454 manere
1815 1424 1849 1455 &
1863 1423 1956 1453 forme
1969 1433 2024 1462 que
2038 1424 2154 1464 obligez
2164 1435 2200 1455 en
2213 1426 2284 1458 estes
2367 1429 2404 1460 de

1340 1460 1445 1493 Novel
1461 1461 1574 1492 Promis
1588 1470 1659 1492 auez
1671 1471 1720 1502 par
1735 1461 1826 1492 vestre
1838 1461 1984 1500 Serment,
2002 1473 2018 1493 a
2031 1473 2103 1493 nous
2119 1463 2203 1495 Baille
2216 1475 2254 1496 en
2270 1451 2301 1498 la³
2307 1468 2385 1499 main

1339 1500 1437 1532 nostre
1449 1501 1534 1531 chere
1548 1501 1582 1532 &
1598 1500 1668 1538 feal,
1685 1499 1817 1531 Thomas
1831 1499 1963 1531 Dondale
1977 1500 2127 1540 Chivaler3
2393 1492 2405 1507 ²

1380 1540 1408 1571 A
1421 1538 1461 1570 les
1481 1539 1575 1579 queles
1594 1538 1796 1577 Obligacions,
1813 1548 1899 1578 quant
1919 1549 1947 1569 as
1966 1548 2054 1570 autres
2075 1539 2172 1572 choses
2194 1543 2347 1584 compriies
2365 1552 2403 1575 en

1339 1579 1440 1649 {celles
1448 1587 1547 1646 ,Pnosus
1560 1587 1596 1608 ne
1611 1580 1731 1609 vouluns
1750 1587 1806 1615 que
1827 1587 1918 1609 aucun
1933 1579 2075 1618 prejudice
2096 1579 2158 1611 face
2176 1591 2224 1619 par
2245 1581 2271 1614 la
2285 1582 2405 1614 Teneut

1361 1628 1376 1648 e
1391 1627 1436 1648 ces
1477 1626 1506 1646 re
1518 1625 1605 1646 entes.

1378 1654 1525 1692 Donnez,
1543 1654 1610 1684 souz
1622 1653 1717 1685 nostre
1729 1653 1823 1685 Grant
1836 1653 1916 1693 Seal,
1933 1664 1949 1686 a
1963 1655 2059 1687 nostre
2074 1654 2163 1689 Palais
2177 1657 2213 1689 de
2229 1657 2358 1691 Westm.
2378 1658 2405 1691 le

1338 1696 1444 1735 primer
1454 1695 1520 1732 jour
1532 1693 1568 1723 de
1578 1692 1653 1733 Juyl.

1336 1825 1396 1857 Pro
1417 1821 1572 1865 Leonello,
1599 1823 1713 1855 Comite
1733 1821 1878 1863 Ultoniae,
1911 1831 2024 1854 tenente
2047 1821 2144 1855 locum
2168 1825 2256 1871 Regis
2277 1827 2309 1857 in
2335 1827 2401 1860 Hi-

1718 1867 1823 1902 bernia
1845 1868 2009 1913 constituto.

1340 1955 1468 2011 REX
1486 1956 1651 1994 Omnibus,
1669 1954 1703 1984 ad
1717 1963 1805 1994 quos,
1822 1954 1883 1986 &c.
1900 1953 2033 1986 Salutem.
2413 1962 2481 1994 Am,
2504 1963 2559 1995 D''

1439 1996 1537 2026 Sciatis
1550 1995 1630 2036 quod
1645 1993 1731 2032 Nos,
2434 2012 2447 2032 1
2456 1988 2507 2042 36⁸1
2534 1987 2546 1998 ‘

1372 2033 1423 2065 De
1437 2033 1568 2065 fidelitate
1580 2035 1613 2066 &
1628 2031 1883 2071 circumspefflone
1898 2032 2026 2063 Leonelli
2046 2031 2172 2065 Comitis
2184 2032 2334 2076 Ultoniae,
2351 2037 2401 2069 filii
2415 2045 2465 2069 An.
2484 2051 2528 2079 35.

1334 2072 1424 2103 nostri
1437 2073 1585 2111 carissimi,
1601 2073 1711 2111 plenam
1727 2069 1858 2100 fiduciam
1875 2080 2063 2110 reportantes,
2414 2084 2444 2107 E.
2467 2090 2493 2116 3·

1372 2111 1583 2142 Constituimus
1609 2111 1698 2150 ipsum
1720 2109 1891 2139 Leonellum
1917 2109 2032 2140 Locum
2057 2108 2187 2141 nostrum
2211 2119 2353 2145 tenentem
2370 2115 2400 2146 in
2450 2118 2519 2146 χόα,

1335 2158 1405 2181 terra
1417 2150 1512 2181 nostra
1528 2150 1694 2187 Hiberniae,
2411 2166 2448 2187 m,
2466 2165 2508 2186 ω,

1374 2188 1482 2220 Dantes
1504 2190 1529 2219 ei
1550 2189 1677 2227 plenam,
1696 2195 1793 2217 tenore
1813 2185 2010 2224 praesentium,
2036 2185 2209 2218 Potestatem
2229 2189 2399 2223 admittendi

1335 2227 1370 2257 ad
1385 2227 1486 2259 Fidem
1510 2228 1544 2258 &
1568 2227 1674 2257 Pacem
1694 2225 1837 2262 nostram,
1852 2226 1912 2255 tam
1930 2225 2083 2264 Anglicos,
2100 2228 2187 2266 quam
2208 2227 2383 2262 Hibernicos

1336 2267 1384 2306 qui
1400 2267 1482 2296 nobis
1496 2265 1629 2297 Rebelles
1644 2266 1677 2296 δε
1692 2263 1835 2294 Contrarii
1850 2263 1987 2301 existunt,
2390 2254 2402 2270 ²

1371 2304 1409 2335 Et
1425 2306 1479 2343 eis,
1495 2305 1529 2336 ὃς
1543 2314 1645 2335 eorum
1660 2303 1791 2341 cuilibet,
1804 2301 2041 2333 Pardonationem
2061 2303 2183 2334 faciendi
2203 2304 2239 2335 de
2253 2305 2327 2336 secta
2343 2306 2398 2338 Pa-

1335 2344 1376 2374 cis
1389 2343 1512 2381 nostrae,
1529 2343 1564 2374 ad
1588 2353 1640 2373 nos
1658 2342 1830 2382 pertinente,
1846 2341 1905 2370 tam
1924 2341 2104 2380 generaliter,
2123 2344 2211 2380 quam
2231 2344 2404 2386 specialiter,

1334 2392 1388 2420 pro
1418 2381 1611 2419 Homicidiis,
1638 2381 1789 2417 Roberiis,
1814 2379 1952 2417 Feloniis,
1976 2379 2167 2411 Seditionibus
2180 2403 2190 2419 ,
2215 2381 2403 2424 latrociniis,

1334 2420 1570 2459 Adhaefionibus,
1593 2422 1626 2452 ὃς
1649 2418 1863 2450 Rebellionibus
1884 2418 2112 2458 quibuscumque
2126 2442 2136 2457 ,
2160 2420 2191 2450 in
2209 2420 2286 2452 dieta
2309 2421 2400 2455 Term

1333 2458 1426 2489 nostra
1441 2469 1490 2499 per
1504 2460 1578 2497 ipsos
1594 2458 1773 2499 perpetratiS,

1372 2497 1409 2527 Et
1423 2497 1536 2528 firmam
1549 2497 1655 2528 Pacem
1670 2496 1794 2526 nostram
1807 2496 1845 2525 eis
1858 2493 2052 2534 concedendi,

1374 2536 1532 2576 Literasque
1554 2535 1659 2566 nostras
1682 2534 1826 2572 Patentes,
1850 2534 1900 2564 sub
1924 2533 2025 2569 Sigillo
2043 2543 2101 2572 quo
2123 2535 2229 2566 utimur
2248 2537 2278 2567 in
2300 2535 2393 2570 Terra

1333 2575 1488 2613 praedieta,
1505 2574 1609 2605 eisdem
1624 2574 1692 2604 inde
1707 2575 1735 2603 in
1749 2572 1842 2602 forma
1854 2571 1948 2601 debita
1961 2571 2101 2610 faciendi,

1371 2614 1502 2644 Necnon
1520 2613 1601 2644 Fines
1615 2613 1648 2643 &
1664 2611 1889 2648 Redemptiones
1903 2610 1939 2641 ab
1952 2610 2022 2648 illis,
2042 2611 2090 2649 qui
2113 2620 2161 2641 eos
2181 2611 2273 2644 facere
2294 2615 2395 2646 volue-

1333 2652 1405 2690 rint,
1421 2653 1454 2682 ad
1470 2661 1540 2689 opus
1556 2651 1685 2681 nostrum
1700 2649 1870 2687 recipiendi,

1372 2691 1418 2721 Ac
1433 2691 1531 2721 omnia
1543 2690 1644 2720 Terras
1655 2690 1689 2721 ὅτ,
1703 2689 1900 2725 Tenementa,
1914 2697 1979 2727 quae
2013 2696 2042 2717 er
2054 2685 2192 2719 Inimicos
2207 2688 2392 2730 nostros,per

1333 2728 1492 2768 Guerram,
1511 2739 1565 2769 pro
1579 2728 1692 2759 defectu
1707 2726 1904 2764 Defensionis,
1923 2725 1967 2755 vel
1982 2735 1996 2754 a
2007 2727 2036 2755 io
2051 2727 2157 2765 modo,
2174 2728 2395 2769 adquiiita,quae

1332 2778 1382 2806 per
1398 2778 1449 2798 nos
1464 2768 1637 2805 Recuperari
1653 2767 1686 2798 &
1702 2764 1889 2804 Conquestari
1902 2765 2065 2803 continget,
2083 2775 2198 2796 necnon
2214 2769 2395 2798 omniaTer-

1331 2817 1374 2837 ras
1387 2808 1420 2837 &
1435 2807 1616 2837 Tenementa
1632 2804 1796 2836 Rebellium
1811 2803 1895 2834 nobis
1907 2802 2112 2842 Confiscanda,
2131 2803 2258 2836 Personis
2279 2806 2397 2845 idoneis,

1332 2846 1380 2913 gui
1396 2845 1430 2875 ad
1444 2845 1544 2875 Fidem
1560 2846 1593 2876 &
1609 2843 1810 2874 Obedientiam
1828 2841 1953 2872 nostram
1966 2841 2083 2872 fideliter
2103 2842 2243 2881 perfistere
2262 2844 2296 2875 &
2314 2845 2397 2876 nobis

1352 2882 1468 2914 eservire
1481 2884 1637 2921 voluerint,
1653 2883 1730 2921 juxta
1745 2882 1907 2912 meritorum
1921 2880 2035 2910 suorum
2049 2880 2214 2919 exigentiam
2223 2903 2233 2919 ,
2251 2882 2394 2920 imperpe-

1333 2930 1415 2953 tuum
1429 2923 1472 2953 vel
1487 2923 1521 2953 ad
1537 2931 1647 2961 tempus
1659 2920 1788 2951 dandi&
1802 2918 1995 2956 concedendi,

1368 2960 1406 2992 Et
1419 2963 1500 2991 ctiam
1516 2971 1563 2999 ea,
1578 2970 1611 2990 ac
1624 2960 1675 2990 alia
1689 2958 1795 2989 Terras
1807 2958 1840 2988 &
1853 2956 2050 2994 Tenementa,
2068 2965 2117 2992 per
2131 2955 2274 2987 Guerram
2290 2958 2392 2990 Vasta-

1333 3006 1373 3037 ta,
1393 2999 1565 3037 Destructa,
1582 3000 1615 3029 ὃς
1629 2997 1793 3034 Dereliffl,
1808 2994 2000 3032 Tenentibus,
2019 3004 2050 3024 ea
2064 2994 2164 3024 habere
2178 2996 2347 3035 volentibus,
2355 2998 2392 3029 de

1331 3037 1476 3106 cIixlobisd&
1492 3036 1661 3105 l-laerdedibus
1671 3034 1772 3066 nostris
1784 3043 1837 3074 pro
1852 3042 1926 3063 certa
1939 3032 2032 3063 Firma
2044 3033 2183 3064 Tenenda
2197 3057 2207 3072 ,
2229 3037 2393 3067 conceden-

1352 3077 1408 3107 i&
1446 3077 1554 3107 imitten
1577 3076 1584 3104 i

1366 3114 1404 3144 Et
1412 3114 1536 3144 Gestum
1551 3097 1752 3144 Mi'nistrorum
1758 3109 1922 3140 nostrorum
1930 3119 2173 3150 quorumcumque
2179 3109 2370 3149 fiipervidendi
2379 3135 2389 3151 ,

1369 3153 1406 3183 Et
1421 3163 1468 3183 eos
1477 3161 1492 3190 ,i
1505 3162 1575 3190 quos
1589 3152 1670 3181 nobis
1683 3149 1795 3179 Inutiles
1808 3149 1959 3186 invenerit,
1976 3149 2011 3179 ab
2026 3147 2139 3179 Officiis
2151 3149 2202 3179 suis
2216 3149 2392 3189 Amovendi,

1331 3192 1365 3259 ἒς
1382 3191 1468 3221 Loco
1482 3191 1501 3211 *²
1520 3199 1622 3220 eorum
1635 3189 1701 3220 alios
1713 3187 1809 3218 Utiles
1823 3187 1857 3218 δε
1872 3186 1993 3218 Idoneos
2005 3186 2164 3217 Ordinandi
2176 3188 2210 3219 δε
2229 3187 2392 3229 Subrogan-

1352 3240 1359 3259 i
2407 3234 2427 3253 ι

1368 3251 1684 3336 kilplfflmffffiffitssm
1698 3264 1823 3305 singulis,
1836 3264 1914 3302 juxta
1926 3263 2023 3302 Leges
2035 3263 2068 3295 δε
2085 3262 2308 3296 Consuetudines
2315 3265 2393 3296 Ter-
2409 3235 2500 3310 „XL

1333 3316 1462 3336 raeiius
1522 3314 1654 3335 xienv

1372 3344 1410 3375 Et
1426 3328 1522 3374 om’nia
1535 3345 1585 3375 alia
1601 3345 1633 3374 &
1648 3327 1753 3382 singula
1766 3340 1945 3372 Faciendi&
1956 3339 2115 3371 Ordinandi
2127 3362 2138 3379 ,
2153 3350 2220 3379 quae
2240 3350 2293 3381 pro
2313 3342 2392 3373 bono

1336 3382 1489 3414 Reoimine
1503 3384 1536 3414 &
1549 3382 1707 3413 Salvatione
1720 3381 1819 3411 Terrae
1840 3379 1946 3410 nostrae
1967 3378 2110 3416 praedietae
2130 3379 2163 3410 ὃ(
2185 3379 2288 3417 Populi
2305 3380 2393 3412 nostri

1334 3407 1458 3461 ibidem,
1475 3432 1508 3452 ac
1524 3421 1752 3459 Recuperatione
1763 3418 1875 3457 Jurlum
1888 3416 2050 3461 nostrorum
2064 3418 2094 3446 in
2117 3419 2238 3456 partibus
2257 3419 2324 3456 illis,
2342 3428 2393 3448 ne-

1336 3460 1448 3491 ceffiria
1460 3460 1560 3490 fuerint
1574 3461 1608 3491 ὅτ
1622 3467 1779 3498 oportuna,
1798 3458 1832 3487 δε
1846 3466 1909 3495 quae
1921 3455 1988 3486 Nos
2002 3460 2049 3494 ipli
2065 3455 2219 3487 faceremus
2231 3456 2250 3486 fi
2266 3456 2394 3495 persona-

1337 3499 1400 3529 liter
1413 3499 1622 3536 interessemus,
1640 3499 1725 3528 etiam
1740 3496 1759 3526 fi
1776 3495 1948 3525 Mandatum
1962 3495 2071 3533 exigant
2082 3493 2214 3533 speciale,

1371 3535 1586 3576 promittentes,
1606 3546 1658 3574 pro
1673 3536 1754 3565 nobis
1766 3535 1799 3564 ὅτ.
1814 3533 1984 3563 Haeredibus
1996 3533 2114 3571 nostris,
2133 3543 2185 3563 nos
2202 3540 2291 3562 ratum
2314 3532 2393 3562 habi-

1338 3584 1416 3606 turos
1431 3577 1463 3607 &
1479 3584 1588 3614 gratum
1601 3574 1737 3612 quicquid
1752 3582 1801 3612 per
1814 3572 1961 3609 praefatum
1979 3571 2093 3602 Locum
2108 3570 2234 3601 nostrum
2249 3578 2393 3600 tenentem

1339 3613 1467 3652 Datum,
1485 3613 1679 3650 Concessum,
1697 3612 1899 3647 Pardonatum,
1917 3612 1950 3641 &
1965 3611 2017 3641 rite
2033 3610 2140 3640 ACmm
2153 3609 2186 3639 &
2201 3607 2323 3638 Gestum
2332 3608 2394 3639 fue-

1339 3653 1373 3682 rit
1388 3654 1416 3681 in
1432 3651 1594 3690 praemissis,
1612 3652 1645 3681 δε
1658 3651 1785 3689 quolibet
1800 3648 2017 3686 praemifforum.

1377 3690 1485 3720 Damus
1496 3699 1589 3721 autem
1598 3689 1771 3729 justitiariis,
1796 3687 1976 3717 Cancellariis
1989 3709 1999 3725 ,
2022 3686 2055 3716 &
2074 3683 2257 3725 Theliaurario
2268 3706 2278 3722 ,
2295 3684 2396 3715 nostris

1341 3727 1490 3759 Hiberniae
1500 3751 1510 3766 ,
1524 3738 1558 3759 ac
1575 3728 1706 3758 univerfis
1718 3728 1751 3757 &
1765 3727 1873 3765 lingulis
1886 3723 2110 3765 Archiepiscopis
2122 3744 2132 3759 ,
2156 3720 2319 3765 Episcopis,
2336 3724 2396 3754 Ab-

1340 3767 1464 3804 batibus,
1480 3766 1640 3803 Prioribus,
1657 3765 1839 3802 Comitibus‚
1856 3763 2025 3799 Batonibus,
2044 3759 2283 3803 Vicecomitibus,
2302 3761 2399 3799 Majo-

1341 3805 1432 3843 ribus,
1450 3806 1577 3843 Ballivis,
1596 3804 1751 3842 Ministris,
1769 3806 1803 3834 &
1816 3803 1875 3833 aliis
1887 3800 2025 3831 Fidelibus
2038 3797 2157 3838 nostris,
2174 3797 2273 3841 Terrae
2289 3800 2395 3830 nostrae

1361 3845 1502 3883 raedfflae,
1519 3845 1589 3874 infra
1603 3844 1775 3880 ubertates,
1791 3842 1824 3873 &
1838 3849 1930 3877 extra,
1936 3838 2053 3879 Tenore
2065 3835 2298 3871 Praelennuni‚in
2309 3838 2396 3868 Man-

1340 3881 1409 3912 datis
1421 3884 1501 3922 quod
1515 3882 1607 3913 eidem
1630 3881 1744 3911 Locum
1762 3879 1891 3910 nostrum
1910 3883 2033 3911 tenenti,
2046 3882 2180 3911 tanquam
2200 3874 2397 3915 Nobismetip-

1342 3921 1392 3958 sis,
1408 3922 1437 3951 in
1458 3921 1602 3958 praemisfis
1614 3920 1748 3950 omnibus
1762 3918 1795 3949 &
1816 3916 1890 3953 aliis,
1908 3923 1972 3953 quae
1989 3912 2099 3942 bonum
2126 3911 2267 3951 Regimen
2285 3915 2318 3945 &
2339 3914 2398 3944 Sal-

1340 3963 1418 3991 vatio
1435 3969 1501 3990 nem
1522 3958 1624 3989 Tetrae
1643 3957 1748 3988 nostrae
1848 3953 1912 3985 'etae
1932 3959 2133 3989 concernunt,
2158 3952 2202 3981 vel
2227 3961 2399 3983 concemere

1340 4006 1491 4038 poterunt,
1509 3995 1676 4036 Intendaut‚
1691 3992 1828 4032 Parent,
1851 3989 1993 4023 obediant
2005 4011 2015 4028 2
2042 3990 2079 4022 &
2095 3989 2311 4029 Respondeant,
2327 3999 2400 4058 (ἓξὲξ
