2561 4251
25 242 101 276 Aiin.
113 240 154 272 D.

43 283 132 322 1381.

24 324 76 351 Ric.
96 331 110 348 2
116 342 122 348 .

735 155 846 195 ET
932 155 1199 195 ACTA

167 253 200 275 ac
214 241 388 274 inviolabiles
407 239 480 271 inter
501 239 658 271 Ecclesiam
680 239 846 272 Romanam
861 241 894 272 &
910 240 996 279 Nos,
1014 240 1134 281 Regna,
1152 241 1230 271 Ter-

168 293 227 321 ras,
242 282 398 318 Dominia,
418 279 553 310 Subditos
566 305 574 317 ,
596 282 628 311 &
648 279 785 310 Vaffiillos
805 279 900 310 nostra
918 289 1111 317 quaecumque
1125 303 1134 317 ,
1155 290 1230 317 quo-

167 321 326 352 modolibet
346 327 522 350 concernere
542 327 676 356 poterunt
697 318 742 348 seu
768 317 881 349 firmare
897 342 906 357 ,
935 327 1004 348 cum
1024 318 1158 348 omnibus
1178 319 1230 348 suis

166 358 375 396 Incidentibus,
394 356 625 395 Emergentibus,
645 356 896 396 Dependentibus‚
915 357 950 387 &
962 355 1125 393 Connexis,

209 398 255 428 Ac
269 396 303 427 ad
318 406 367 435 ea,
386 406 450 434 quse
466 397 503 425 sic
519 395 654 426 Tiadtata
667 397 701 426 δε
715 395 804 425 Petita
824 395 944 432 fuerint,
963 395 1044 425 omni
1061 393 1233 432 Securitate,

169 433 288 467 honestfi
309 435 344 465 &
364 434 460 465 debita
474 457 484 472 ,
501 436 618 464 nomine
637 434 736 463 nostro
749 457 758 470 ,
776 433 960 464 Firmandum
973 455 982 470 ,
998 432 1234 471 consimilemque

171 475 374 511 Securitatem,
393 483 445 510 pro
460 472 577 510 Nobis,
593 473 627 503 &
648 471 785 501 Nomine
807 471 924 508 nostro,
943 470 1121 509 Petendurn,
1139 471 1234 510 Stipu-

125 513 129 519 ’
173 512 289 544 landum
304 533 315 549 ,
343 513 377 543 ὅ(
396 511 630 579 Recifiiendum,
658 509 878 548 Jurandumque
899 511 929 539 in
950 509 1086 539 Animam
1108 510 1234 540 nostram

38 1611 114 1642 Ann.
124 1611 165 1641 D.

56 1652 143 1690 1381.

30 1694 84 1719 Aa.
101 1701 129 1725 4,

30 1733 61 1756 R.
80 1739 106 1755 2.

33 1767 142 1794 Ibidem.

29 1815 69 1834 m.
87 1815 113 1842 3.

29 2043 46 2060 θ’
65 2043 135 2071 v11.

30 2090 99 2117 299.

173 550 253 590 quod
270 550 405 581 Traeiata
418 551 452 581 &
493 550 558 580 etita
571 547 731 586 hujusmodi
750 547 824 578 Rata
845 548 1011 578 habebimus
1034 549 1067 579 ὃς
1091 548 1236 587 Accepta,

173 599 228 620 nec
241 589 345 628 aliquid
361 588 576 628 procurabimus
588 587 634 616 vel
649 586 786 616 faciemus
800 596 848 623 per
865 586 943 624 quod
957 587 1002 624 id,
1022 587 1100 624 quod
1116 588 1236 618 Tradia-

173 637 238 659 tum
250 628 283 659 ὅ(
298 628 425 658 Peritum
438 626 522 656 fuerit
535 625 564 654 in
578 623 724 662 praemiffis
742 624 850 656 effectu
868 626 966 656 debito
987 625 1095 656 frustari
1115 627 1237 664 poterit,

174 667 220 697 seu
233 666 452 705 quomodolibet
467 663 617 701 impediri,

214 705 383 742 Caeteraque
401 703 501 733 omnia
519 703 553 733 ὅ(
580 702 684 742 singula
705 702 877 733 Faciendum
890 727 900 742 ,
932 702 1150 733 Excercendum
1163 726 1173 739 ,
1203 703 1237 733 δε

177 742 408 782 Expediendum,
428 751 493 779 quae
507 741 536 771 in
550 741 700 771 Praemiffis
713 742 746 772 δεῖ
760 743 836 772 circa
849 752 881 772 ea
902 740 1051 771 necessaria
1071 741 1175 771 fuerint
1193 740 1238 770 seu

175 781 394 821 quomodolibet
409 787 550 819 oportuna
562 804 571 817 ,
591 790 624 810 ac
646 789 711 818 quae
732 779 846 818 qualitas
863 781 898 811 δε
920 788 1015 809 natura
1036 777 1239 816 Negotiorum

176 820 340 859 hujusmodi
361 820 476 858 exigunt
495 820 528 849 &
549 820 696 857 requirunt
709 842 718 856 ,
735 819 768 848 &
790 827 855 856 quae
877 818 985 848 nosmet
1003 818 1175 855 faceremus,
1193 817 1239 847 seu

175 860 269 890 facere
291 858 451 896 possemus,
471 857 491 886 si
511 857 692 895 personaliter
713 856 858 894 praesentes
878 856 1015 893 essemus,
1034 857 1120 886 etiam
1137 856 1157 886 si
1178 855 1240 886 talia

177 897 231 927 {int
244 905 309 935 quae
326 896 497 927 Mandatum
509 897 619 934 exigant
634 902 898 932 quantumcumque
913 893 1029 931 speciale
1038 916 1045 927 ,

216 935 372 967 Praediitos
385 960 394 972 ,
413 934 573 972 Johannem
588 957 597 970 ,
616 932 781 963 Nicholaum
793 955 804 971 ‚
827 933 861 963 &
883 931 1035 963 Walterum
1050 956 1060 971 ,
1086 932 1132 963 vel
1155 931 1241 962 Duos

177 983 280 1005 eorum
294 999 303 1012 ,
331 974 443 1005 nostros
464 970 674 1002 Ambaffatores
686 993 695 1009 ,
721 981 754 1002 ac
774 982 858 1002 veros
871 995 880 1009 ,
906 971 1050 1009 legitimos
1064 996 1074 1009 ,
1098 972 1133 1002 ὃς
1153 971 1241 1001 indu-

177 1013 280 1043 bitatos
301 1013 502 1043 Procuratores
515 1034 524 1048 ,
543 1009 743 1049 Negotiorum
768 1009 906 1041 Gestores
920 1032 930 1047 ,
949 1009 1187 1047 Commissarios,
1207 1009 1240 1040 &

178 1052 315 1082 Nuncios
327 1049 456 1087 speciales
477 1049 625 1087 Facimus,
643 1048 782 1080 creamus
792 1071 802 1088 ,
820 1049 1009 1088 Ordinamus,
1028 1050 1062 1080 &
1084 1047 1243 1079 Constitui-

178 1099 242 1120 mus
255 1099 304 1126 per
317 1089 476 1127 praesentes·

215 1127 419 1159 Promittentes
442 1111 511 1156 N²0s
532 1126 643 1157 Rarum
661 1127 695 1157 &
715 1125 840 1157 Gratum
862 1126 1005 1156 habituros
1031 1126 1166 1164 quicquid
1190 1135 1241 1163 per

177 1166 379 1197 Procuratores
405 1167 450 1197 seu
481 1164 566 1195 Duos
603 1164 716 1195 nostros
745 1164 897 1203 praedietos
911 1187 920 1203 ,
953 1174 1053 1195 eorum
1067 1187 1077 1203 ,
1106 1165 1216 1195 Αᾶυῑη
1231 1187 1241 1202 ,

177 1203 318 1273 Pestum,
336 1205 382 1236 seu
401 1205 591 1236 Procuratum
608 1203 692 1235 fuerit
709 1204 739 1234 in
761 1203 913 1234 Praemiffis
931 1204 965 1235 ὃς
981 1203 1090 1241 singulis
1106 1203 1242 1234 Praemis-

190 1252 285 1273 orum.

217 1281 285 1311 Dat.
309 1282 340 1311 in
366 1279 473 1312 Palatio
499 1279 598 1312 nostro
623 1279 753 1311 Westm.
774 1280 825 1311 sub
841 1279 944 1321 Magni
962 1279 1050 1320 Sigilli
1068 1280 1158 1311 nostri
1166 1279 1244 1311 Tes-

181 1320 324 1359 timonio,
345 1321 458 1359 Quinto
477 1319 522 1350 die
542 1319 650 1350 Mensis
670 1316 751 1350 Maii.

864 1399 918 1427 Per
935 1395 1017 1436 ipsimi
1034 1399 1140 1434 Regem.

334 1527 383 1558 De
396 1523 538 1568 potestate
554 1523 721 1558 Traiiandi
739 1535 808 1556 cum
823 1526 924 1570 Papa,
949 1522 984 1556 de
997 1525 1090 1570 Ltgt's.

183 1608 325 1671 NOS
343 1609 512 1649 Richardus,
531 1610 589 1640 Dei
604 1609 707 1649 gratia,
725 1612 786 1639 Rex
799 1608 913 1646 Angliae
927 1607 965 1644 (θ’
979 1612 1102 1639 Franciae
1123 1610 1157 1641 &
1178 1609 1247 1640 Do-

267 1650 371 1717 sminus
384 1647 551 1687 Hiberniae,
569 1648 689 1679 Tenore
701 1647 905 1686 Praesentium,
924 1647 1043 1679 Notum
1065 1648 1183 1679 facimus
1198 1648 1247 1679 U-

184 1699 266 1721 niver
277 1698 299 1718 is

221 1712 316 1766 Quod
337 1725 406 1757 Nos
428 1724 653 1764 (Tribulationes
673 1725 707 1756 &c
729 1725 884 1764 Scismata,
925 1735 972 1756 uas
993 1725 1041 1756 diu
1062 1725 1190 1756 sustinuit
1212 1726 1246 1757 ὃς

183 1765 276 1797 adhuc
288 1763 404 1796 sustinet.
416 1764 597 1795 SacrosanCta
612 1763 894 1803 RomanaEcclesia,
953 1773 1010 1795 ater
1026 1764 1140 1803 nostra,
1159 1765 1247 1795 flebili

182 1812 329 1835 cernentes
342 1803 457 1839 intuitu)
473 1801 508 1834 ad
523 1801 735 1841 Reprimendos
757 1803 841 1840 ipsius
861 1803 895 1833 &
917 1802 1029 1834 nostros
1058 1803 1166 1834 Hostes
1188 1803 1246 1833 Pu-

182 1845 293 1912 bliriOS,
311 1845 345 1874 ὃ(
359 1842 487 1880 praedicti
497 1841 636 1873 Scismatis
650 1842 809 1880 praecipuos
819 1840 1010 1882 Defensores,
1027 1843 1092 1873 totis
1104 1841 1246 1873 desideriis

180 1893 232 1913 ane
243 1891 331 1912 amus

217 1920 254 1951 Et
273 1930 326 1958 pro
343 1927 439 1959 tanto,

219 1958 270 1990 De
290 1958 441 1998 legalitate,
459 1959 613 1996 probitate,
631 1956 768 1989 industria
782 1981 793 1998 ,
811 1959 846 1990 δε
870 1957 1126 1995 circumspeetione
1148 1958 1247 1995 provi-

181 1998 246 2036 dis,
271 1996 442 2028 ducenorum
465 1999 499 2028 ὃς
520 1996 646 2027 fidelium
668 1996 834 2028 nostrorum
849 2021 859 2033 ,
884 1996 1041 2027 Nobilium
1058 2019 1067 2034 ,
1091 1997 1244 2065 [Johanms

183 2036 377 2074 Haukmnode,
395 2037 429 2068 &
441 2035 569 2066 Nicholai
587 2035 606 2054 ὃ*
625 2036 802 2074 Dagworth,
822 2035 972 2073 Militum,
987 2046 1020 2066 ac
1036 2037 1089 2065 Wa
1102 2038 1155 2065 teri
1170 2036 1246 2065 Skir-

182 2077 254 2106 Iawe
270 2075 463 2106 Decretorum
480 2074 640 2112 Decioris,
660 2074 774 2105 Decani
798 2075 895 2106 Sanffi
919 2073 1039 2104 Martini
1064 2073 1244 2113 Londoniae,

183 2110 290 2146 Clerici
305 2115 338 2144 &
353 2113 513 2144 Consiliarii
528 2112 617 2143 nostri
632 2113 782 2151 carissimi,
800 2112 958 2152 plenissime
973 2112 1163 2151 confidentes,

221 2153 267 2184 Ad
283 2152 483 2184 Tractandum
503 2162 589 2190 cum,
608 2150 791 2183 Sanetisfimo
811 2151 893 2182 Patre
914 2152 947 2182 δε
968 2150 1105 2182 Domino
1126 2151 1246 2191 nostro,

184 2192 319 2224 Domino
333 2192 458 2229 Urbano,
479 2190 575 2230 Digna
596 2191 653 2221 Dei
673 2191 871 2229 Providentifi,
890 2190 1081 2221 Sacrosaneiae
1102 2190 1247 2221 Romanae

183 2232 218 2262 &
233 2230 407 2263 Universalis
421 2230 555 2261 Ecclesiae
569 2232 673 2260 Summo
690 2229 837 2270 Pontifice,
852 2231 898 2261 seu
914 2228 1065 2267 Deputatis
1080 2230 1116 2259 ab
1129 2229 1246 2268 eodem,

183 2271 263 2307 super
282 2270 508 2308 quibuscumque
530 2269 608 2307 Ligis
622 2292 632 2308 ,
663 2267 965 2300 Confoedetationibus
979 2292 988 2306 ,
1020 2268 1055 2299 ὃς
1081 2268 1222 2299 Amicitiis
1237 2292 1247 2306 ,

181 2308 371 2347 Specialibus,
387 2308 627 2346 Temporalibus,
644 2308 690 2339 vel
713 2308 876 2347 Perpetuis,
893 2309 966 2338 inter
985 2306 1081 2345 Ipsum
1103 2306 1247 2338 Sanctissi-

182 2355 265 2377 mum
286 2346 401 2378 Patrem
424 2348 458 2378 &
477 2346 689 2378 Sacrosanctam
710 2347 877 2378 Romanam
897 2345 1052 2376 Ecclesiam
1074 2355 1108 2376 ex
1122 2346 1195 2385 una,
1213 2355 1247 2376 ac

182 2385 271 2425 Nos,
287 2387 320 2417 δε
341 2385 476 2417 Subditos
497 2386 627 2423 nostros,
644 2386 746 2425 Regna
760 2410 770 2424 ,
788 2385 892 2418 Terras
906 2408 917 2425 ,
934 2385 968 2416 &
990 2384 1131 2416 Dominia
1152 2384 1247 2415 nostra

180 2434 393 2464 quaecumque,
411 2434 447 2455 ex
463 2434 539 2462 parte
553 2424 639 2455 altera
654 2424 781 2456 ineundis

224 2463 270 2494 Ac
294 2464 377 2501 quod
403 2463 535 2502 quaedam
557 2463 752 2501 Gravamina,
786 2447 895 2503 Regno
920 2461 1031 2503 Angliae
1059 2472 1108 2503 per
1134 2463 1248 2493 Roma-

181 2511 251 2533 nam
269 2500 387 2532 Curiam
409 2503 442 2533 &
461 2502 564 2533 Sedem
581 2502 781 2540 Apostolicam
795 2527 805 2541 ,
829 2511 894 2532 ante
911 2502 976 2532 haec
994 2510 1123 2539 tempora
1175 2501 1248 2532 illata

181 2542 216 2572 ὃ(
228 2541 320 2572 adhuc
335 2542 365 2571 in
377 2550 454 2579 parte
468 2542 651 2580 continuata,
667 2540 856 2572 Revocentur
869 2541 915 2572 seu
934 2539 1118 2572 effectualiter
1140 2524 1249 2570 lVlode-

183 2587 279 2611 rentur

222 2604 372 2657 Quidque
393 2618 458 2649 alias
477 2619 612 2650 Traeiata
633 2619 667 2650 &
688 2617 872 2649 Concordata
892 2619 963 2648 inter
979 2619 1065 2657 ipsam
1081 2617 1184 2649 Sedem
1199 2618 1250 2656 &,

181 2657 265 2688 clarae
281 2658 450 2696 memoriae,
469 2657 637 2687 Dominum
653 2659 691 2686 E.
704 2666 793 2696 nuper
808 2660 904 2695 Regem
917 2658 1029 2695 Angliae
1039 2682 1048 2696 ‚
1071 2657 1170 2687 Avum
1196 2666 1252 2686 no-

184 2695 290 2733 strum,
308 2697 473 2726 Teneantur
487 2696 521 2726 &
537 2695 734 2727 inviolabiliter
749 2696 960 2734 Observentur,
1191 2733 1196 2738 ,

223 2733 355 2764 Necnon
372 2734 408 2765 ad
427 2733 677 2767 Consentiendum
698 2736 732 2766 ὃς
753 2733 1000 2765 Concordandum
1022 2736 1101 2771 {uper
1115 2733 1252 2764 omnibus

183 2772 347 2809 &lingulis
367 2773 512 2810 Articulis,
532 2774 581 2811 qui
604 2773 688 2811 Ligas
701 2797 710 2810 ,
729 2772 897 2811 Amicitias,
916 2772 1200 2809 Confoederationes‚
1218 2772 1251 2801 &

184 2811 308 2841 Amores
330 2818 480 2849 perpetuos
502 2812 535 2841 &
556 2811 749 2848 inviolabiles,
767 2812 837 2841 inter
858 2811 1016 2842 Ecclesiam
1038 2811 1203 2840 Romanam
1216 2810 1250 2841 &

183 2848 254 2879 Nos
268 2871 277 2887 ,
295 2849 397 2889 Regna
410 2871 419 2888 ,
438 2849 543 2880 Terras
557 2870 567 2887 ‚
585 2848 725 2879 Dominia
741 2871 750 2887 ‚
768 2849 904 2880 Subditos
917 2873 927 2888 ,
947 2850 981 2880 δε
1004 2848 1137 2880 Vassallos
1156 2848 1252 2879 nostra

180 2897 393 2926 -quaecumque,
412 2887 633 2925 quomodolibet
647 2897 822 2919 concernere
838 2896 973 2925 poterunt
986 2888 1032 2919 seu
1047 2888 1252 2925 firmare,cum

182 2927 320 2996 {mnibus
342 2927 394 2958 suis
413 2926 609 2958 Incidentibus
624 2950 634 2964 ,
646 2926 881 2964 ‘Emergentibus
893 2951 904 2965 ,
930 2927 1166 2965 Dependentibus
1180 2949 1190 2964 ,
1215 2927 1250 2958 &

219 2975 354 3003 onnexis,

225 3004 273 3035 Ac
287 3014 336 3041 ea,
352 3013 416 3042 quae
431 3004 469 3035 fic
489 3004 627 3035 Tradiata
646 3003 768 3041 fuerint,
786 3005 868 3034 omni
890 3004 1061 3043 Securitate‚
1079 3003 1198 3035 honesta
1218 3004 1252 3034 δε

182 3040 280 3073 debita
292 3065 301 3081 ,
318 3043 454 3074 Nomine
472 3043 574 3073 nostro
592 3065 601 3081 ,
616 3041 801 3073 Firmandum
817 3065 826 3080 ,
854 3043 1090 3081 consimilemque
1112 3043 1254 3074 Securita-

186 3089 266 3119 tem,
285 3091 339 3119 pro
353 3082 436 3112 nobis
452 3082 485 3112 ὃς
499 3081 636 3112 Nomine
649 3081 768 3119 nostro,
787 3081 964 3119 Petendum‚
981 3081 1181 3120 Stipulandum
1191 3105 1201 3120 ,
1218 3082 1252 3112 ὃ(

187 3118 421 3162 Recipiendum,
435 3119 650 3159 Juran'dumque
667 3121 698 3150 in
717 3120 853 3151 Animam
875 3120 1002 3151 nostram
1021 3121 1102 3160 quod
1121 3120 1256 3152 Tractata

188 3157 352 3194 hujusmodi
365 3158 439 3188 Rata
453 3158 619 3189 habebimus
630 3160 664 3190 &
677 3159 822 3196 Accepta,
840 3169 894 3190 nec
914 3159 1019 3198 aliquid
1061 3159 1256 3190 rocurabimus

188 3196 235 3226 vel
251 3195 391 3226 faciemus
407 3220 417 3234 ,
439 3206 488 3233 per
507 3197 587 3234 quod
607 3197 636 3227 id
651 3220 661 3236 ,
685 3198 767 3236 quod
786 3198 955 3229 Trac'tatum
978 3199 1012 3230 ὃς
1065 3198 1256 3229 oncordatum

188 3234 275 3303 fbiierit
287 3234 316 3263 in
329 3233 478 3302 graemiffis
487 3258 497 3272 ,
513 3234 620 3266 effectu
634 3235 734 3267 debito
750 3235 875 3268 frustrari
890 3238 994 3276 poterit
1006 3237 1052 3268 seu
1067 3237 1257 3276 quomodoli-

211 3281 293 3303 etim
315 3282 331 3302 e
351 3282 382 3302 iri

227 3282 399 3355 Caetgraque
413 3311 511 3341 omnia
523 3312 556 3342 ὃς
571 3311 676 3350 singula
688 3311 881 3352 Faciendum,
899 3312 1120 3345 Excercendum
1129 3337 1140 3353 ,
1157 3314 1258 3345 &Ex-

190 3349 363 3388 pediendum
379 3374 388 3386 ,
406 3360 470 3388 quae
493 3350 522 3379 in
543 3349 692 3379 Praemiffis
716 3351 749 3381 ὅτ.
771 3352 846 3381 circa
866 3362 898 3382 ea
916 3353 1064 3383 necessaria
1085 3353 1189 3383 fuerint
1210 3353 1257 3385 seu

190 3387 414 3427 quomodolibet
436 3397 594 3426 oportuna,
611 3398 644 3419 ac
665 3398 730 3426 quae
749 3389 862 3426 qualitas
882 3390 916 3420 δε
939 3399 1035 3422 natura
1055 3390 1257 3430 Negotiorum

191 3426 354 3465 hujusmodi
373 3427 488 3466 exigunt
507 3428 542 3458 ὃς
565 3428 729 3466 requirunt,
744 3428 778 3458 δε
799 3437 866 3466 quae
886 3428 997 3460 nosmet
1015 3429 1192 3469 faceremus,
1212 3430 1258 3460 seu

192 3465 285 3496 facere
305 3464 464 3503 possemus,
485 3464 505 3495 si
527 3465 706 3503 personaliter
729 3465 876 3503 praesentes
895 3467 1038 3506 essemus,
1056 3469 1144 3500 etiam
1161 3468 1181 3498 si
1193 3467 1258 3499 talia

193 3502 246 3534 sint
260 3514 325 3542 quae
342 3503 513 3533 Mandatum
530 3505 640 3543 exigant
655 3513 920 3544 quantumcumque
932 3505 1067 3546 speciale,

230 3542 390 3573 praedictos
403 3566 413 3579 ‚
431 3542 592 3581 Johannem
609 3566 619 3581 ,
636 3542 800 3573 Nicholaum
817 3567 828 3582 ,
846 3544 880 3576 &
901 3543 1054 3574 Walterum
1067 3567 1078 3583 ,
1104 3545 1150 3576 vel
1173 3544 1259 3575 Duos

193 3591 312 3619 eorum,
332 3580 444 3611 nostros
454 3580 680 3619 Ambassatores,
697 3592 731 3612 ac
744 3592 845 3619 veros,
864 3582 1022 3622 legitimos,
1039 3583 1073 3615 &
1088 3583 1261 3614 indubitatos

194 3619 413 3658 Procuratores,
431 3619 629 3658 Negotiorum
644 3620 800 3659 Gestores,
819 3620 1057 3660 Commisiarios,
1075 3623 1109 3652 &
1124 3621 1262 3652 Nuncios

193 3658 341 3730 {l‘pecisales,
360 3659 506 3696 Facimus,
524 3656 664 3689 Cteamus
679 3682 690 3698 ,
708 3658 883 3690 Ordinamus
898 3683 909 3699 ,
927 3661 962 3692 &
982 3660 1194 3691 Constituimus
1213 3670 1263 3701 per

222 3708 262 3728 rae
274 3707 369 3735 entes,

231 3735 436 3767 Promittentes
454 3734 524 3766 Nos
545 3734 655 3766 Rarum
675 3736 709 3767 &
729 3734 856 3767 Gratum
885 3737 1028 3768 habituros
1055 3737 1193 3776 quicquid
1213 3747 1263 3774 per

196 3773 396 3805 Procuratores
413 3774 524 3804 nostros
546 3773 697 3812 praediems
711 3798 721 3814 ,
748 3774 793 3805 seu
814 3774 898 3805 Duos
920 3775 1090 3806 eorumdem
1104 3799 1114 3814 ,
1130 3776 1239 3807 Αᾶὶυπι
1254 3800 1264 3814 ,

197 3811 342 3880 Pestum,
359 3814 406 3844 seu
421 3813 612 3844 Procurazum
627 3813 709 3843 fuerit
723 3813 753 3842 in
768 3812 938 3852 PraemiffiS,
956 3815 989 3845 ὃς
1004 3814 1118 3852 singulis
1132 3814 1266 3845 Praemis—

210 3859 305 3880 orum.
659 3868 661 3871 ⁴

237 3887 307 3931 Dat.
332 3890 363 3920 in
388 3889 497 3922 Palatio
522 3890 622 3921 nostro
648 3889 774 3920 Westrn.
793 3890 844 3922 sub
860 3890 967 3929 Magni
984 3890 1077 3929 Sigilli
1095 3891 1186 3922 nostri
1204 3891 1267 3922 Te-

208 3924 366 3967 stimonio,
381 3928 497 3970 Quinto
516 3929 562 3963 die
580 3928 690 3960 Mensis
706 3927 788 3961 Maii.

885 4016 937 4046 Per
955 4014 1037 4055 iinam
1057 4018 1161 4055 Regem.

1286 154 1768 198 PUBLICA.
2197 174 2335 214 ,117

1269 342 1508 395 Ε.τεψρίζβσλῑὶο
1526 344 1687 377 Bullarnm
1705 344 1758 386 (de
1779 344 1970 378 Concordatis
1995 350 2072 379 inter
2097 350 2206 394 Regem
2231 351 2271 381 Ε.
2296 361 2326 394 3.

1317 400 1353 425 &⁴
1387 393 1565 437 (fregorium
1592 396 1720 438 Papam)
1742 394 1833 439 fhper
1859 394 1963 426 eadem
1989 398 2130 428 Materia
2157 400 2233 445 Regi
2251 409 2330 431 nunc

1311 447 1366 482 per
1380 436 1543 471 Urbanam
1564 443 1679 486 Papam
1694 442 1945 488 transmifflimm.

1275 528 1429 647 NQdeT
1445 571 1565 601 facimus
1582 571 1746 612 Univerlis,

1347 619 1386 639 uo

1313 646 1393 691 (jum
1406 657 1515 692 nuper,
1533 658 1586 686 pro
1600 647 1722 692 sedandis
1739 650 1851 681 diversis
1866 652 2101 693 Qiaestionibus,
2119 655 2279 695 Scandalis,
2300 657 2333 688 &

1274 684 1386 729 Brigis,
1410 695 1475 723 quae
1496 697 1566 717 inter
1588 687 1741 718 Ecclesiam
1762 689 1926 720 Romanam
1946 693 1978 721 ὃς
1994 715 2004 730 ,
2027 694 2144 724 celebris
2169 696 2333 734 memoriae‚

1276 722 1441 753 Dominum
1457 726 1647 768 Edwardum,
1667 737 1754 764 nuper
1768 731 1864 764 Regem
1879 729 1993 765 Angliae
2013 730 2051 765 &
2071 736 2211 770 Franciae,
2235 734 2335 764 Avum

1275 761 1424 805 nostrum,
1438 764 1672 794 conniciebantur
1693 766 1875 796 verisimiliter
1895 769 1994 797 exoriri
2010 791 2019 806 ,
2045 771 2160 807 quidam
2180 771 2335 803 Tractatus

1276 799 1349 837 apud
1367 799 1472 830 Villam
1489 801 1526 831 de
1547 802 1651 838 Bruges
1669 803 1697 832 in
1721 804 1862 843 Flandria,
1880 805 2058 837 Tornacensi
2072 808 2226 846 Dioecese,
2246 811 2338 848 inter,

1275 839 1388 869 Sanstae
1404 837 1577 877 Memoriae,
1593 840 1718 871 Domini
1732 844 1852 880 Gregorii
1867 845 1949 881 Papae
1965 846 2100 875 Undecimi
2121 849 2155 878 ὅτ.
2174 849 2257 886 ipsius
2272 852 2340 879 Avi

1276 876 1359 945 nost?
1370 876 1607 945 Asmbaffiatores,
1625 879 1770 911 Institutus
1783 883 1816 912 &
1828 891 1879 919 per
1893 882 2042 921 Tempora
2062 885 2166 916 diutina
2187 889 2337 918 continua-

1277 924 1322 946 tus
1350 925 1377 945 ui
1403 924 1447 954 et,

1299 953 1466 998 JIssandem,
1484 956 1544 986 tam
1564 955 1759 986 Sanctiffimus
1779 956 1862 988 Pater
1875 981 1885 996 ,
1903 960 1990 997 quam
2012 960 2091 992 Avus
2113 962 2226 1000 noster,
2243 963 2337 1001 supra-

1277 991 1346 1023 dicti
1359 993 1394 1023 ad
1408 1002 1494 1024 certas
1509 993 1717 1026 Conclufiones
1730 995 1921 1036 devenerunt,
1938 999 1972 1029 ὃ(
1988 999 2068 1037 super
2081 1000 2170 1030 Bullas
2185 1002 2218 1031 ὃς
2232 1001 2340 1032 Literas

1277 1031 1351 1069 suas,
1369 1042 1402 1062 ac
1417 1032 1452 1062 de
1466 1034 1547 1063 certis
1561 1033 1693 1064 Articulis
1707 1034 1783 1072 aliis,
1798 1035 1900 1073 absque
1921 1035 2022 1068 Literis
2042 1038 2076 1069 &
2091 1038 2194 1077 Bussis,
2211 1049 2338 1071 concor-

1278 1069 1397 1108 darunt,
1417 1071 1449 1102 ὃ(
1464 1071 1526 1101 illos
1540 1070 1599 1102 fieri
1615 1072 1743 1103 fecerunt
1758 1073 1809 1103 sub
1821 1073 1873 1105 hac
1891 1073 2016 1114 Forma3

1278 1153 1492 1234 Eireffssriicuffi'c
1503 1154 1565 1210 &a
1583 1162 1615 1185 ut
1634 1159 1665 1186 in
1684 1155 1774 1187 Bullis
1798 1158 1830 1188 de
1850 1161 2041 1199 Concordatis,
2058 1161 2132 1192 datis
2158 1171 2183 1192 1.
2202 1165 2273 1201 Sept.
2294 1172 2345 1204 49.

1280 1277 1308 1303 ὅ*
1336 1281 1388 1313 Ιτ
1402 1291 1421 1312 E
1436 1291 1462 1313 M
1477 1307 1487 1321 ,
1512 1282 1624 1314 Forma
1645 1282 1789 1315 Duarum
1811 1283 1990 1323 Eunai-um,
2015 1285 2111 1318 Nobis
2125 1314 2135 1329 ‚
2154 1298 2209 1335 per
2228 1291 2340 1323 Domi-

1326 1340 1399 1360 num
1425 1327 1557 1371 nastrum
1585 1333 1700 1376 Papam
1723 1330 1916 1375 modernum,
1935 1333 2028 1378 super
2050 1334 2152 1368 eadem
2169 1340 2313 1371 Materia

1325 1377 1566 1423 transmissarum
1577 1405 1587 1421 ,
1604 1380 1744 1426 siqnitur
1763 1383 1793 1413 in
1811 1379 1866 1413 haec
1886 1379 1984 1414 Verba
1994 1408 2005 1424 ,

1284 1472 1537 1534 URBANUS
1557 1472 1784 1505 Episcopus
1799 1498 1808 1513 ,
1828 1475 1930 1507 Servus
1951 1476 2105 1508 Servorum
2130 1478 2205 1517 Dei,
2225 1478 2343 1511 Cariffi-

1372 1521 1422 1555 mo
1438 1512 1468 1540 in
1483 1510 1600 1556 Christo
1613 1512 1688 1556 filio,
1706 1515 1821 1543 Ricardo
1833 1517 1899 1552 Regi
1914 1515 2028 1553 Angliae
2041 1516 2157 1555 illustri,
2175 1518 2344 1551 Salutem&

1285 1549 1483 1588 Apostolicam
1499 1550 1738 1581 benedidiionem.

1322 1588 1355 1619 In
1371 1589 1448 1619 annis
1463 1587 1666 1619 Adolescentiae
1681 1589 1831 1627 praedicata
1846 1590 1964 1621 celebris
1978 1591 2051 1623 fama
2069 1600 2116 1624 tua
2138 1602 2265 1626 mentem
2290 1606 2345 1626 no-

1283 1626 1368 1657 stram
1387 1627 1531 1665 laetificat,
1552 1627 1597 1665 spe
1618 1627 1701 1658 firma
1723 1628 1883 1667 fiduciaque
1902 1632 2047 1668 conceptis
2068 1631 2148 1670 quod
2172 1632 2344 1664 Devotionis

1281 1666 1402 1697 affectus
1417 1690 1426 1704 ,
1452 1676 1539 1704 quem
1560 1666 1662 1697 habere
1683 1668 1773 1704 coepit
1792 1667 1953 1698 excellentia
1976 1677 2022 1699 tua
2042 1669 2076 1700 ad
2098 1669 2264 1701 Romanam
2285 1671 2343 1703 Ec-

1282 1705 1394 1736 clesiam
1419 1706 1453 1736 &
1478 1704 1628 1736 Personam
1654 1705 1779 1736 nostram
1794 1729 1804 1745 ,
1835 1708 2006 1738 continuum
2038 1709 2154 1746 recipiet
2183 1710 2345 1740 incremen-

1285 1753 1360 1775 turn.

1320 1782 1421 1821 Nam,
1440 1792 1498 1813 non
1512 1782 1674 1820 Expectans
1686 1781 1813 1813 Nunciis
1827 1782 1944 1821 nostris,
1962 1783 1996 1814 ad
2013 1785 2132 1824 regalem
2154 1785 2346 1826 Magnificen-

1282 1822 1369 1858 iiam,
1387 1821 1423 1851 de
1439 1820 1541 1851 nostrae
1558 1821 1750 1851 Promotioriis
1763 1821 1904 1860 auspiciis,
1923 1831 1958 1851 ex
1972 1831 2054 1853 moi-e
2070 1824 2227 1863 mittendis,
2245 1826 2346 1856 ardens

1284 1861 1313 1890 in
1335 1859 1420 1891 corde
1443 1862 1522 1899 regio
1546 1859 1718 1890 Devotionis
1737 1861 1896 1899 integritas,
1915 1859 2042 1892 Nunciis
2056 1862 2209 1901 Regalibus
2222 1864 2256 1893 ad
2279 1864 2345 1894 Ro-

1281 1908 1395 1929 manam
1412 1898 1531 1929 Curiam
1545 1898 1700 1936 destinatis,
1719 1898 1842 1937 Nosque
1864 1899 1900 1929 de
1917 1906 1963 1929 tua
1983 1900 2160 1932 consistentia
2175 1903 2345 1934 consolanti-

1285 1938 1355 1975 bus,
1374 1937 1484 1967 nostros
1497 1937 1531 1968 ad
1546 1945 1572 1967 te
1586 1936 1683 1967 missos
1697 1936 1831 1967 Nuncios
1845 1936 2019 1967 Praevenisti.

1318 1975 1502 2014 Gaudemus,
1521 1977 1655 2014 inquam,
1674 1977 1704 2005 in
1718 1974 1870 2015 Domino,
1889 1976 1943 2006 Fili
1959 1976 2098 2008 carissime
2119 1978 2153 2008 &
2175 1978 2240 2009 Rex
2255 1978 2344 2010 Incli-

1282 2024 1327 2053 te,
1349 2025 1435 2053 quem
1450 2015 1487 2045 fic
1502 2016 1595 2053 gratiae
1610 2013 1811 2044 benedifflone
1833 2014 1955 2052 perfudit
1975 2016 2063 2046 virtus
2084 2015 2235 2055 Altiffimi,
2254 2018 2350 2056 sicque

1282 2053 1335 2084 hac
1361 2052 1460 2084 AEtate
1484 2053 1577 2084 tenera
1599 2052 1740 2090 grandem
1762 2053 1887 2083 animam
1908 2053 2029 2093 praebuit
2043 2077 2053 2093 ,
2078 2055 2158 2093 quod
2176 2079 2185 2094 ,
2210 2064 2346 2094 tanquam

1283 2091 1421 2131 Princeps
1435 2091 1699 2130 Christianiffimus,
1718 2091 1831 2122 eximiae
1853 2091 2029 2122 Devotionis
2053 2092 2203 2124 illustrium
2219 2094 2348 2125 Merito-

1283 2140 1346 2161 rum
1368 2130 1452 2161 titulis
1475 2131 1638 2170 insignitus,
1654 2130 1689 2160 ad
1708 2129 1809 2161 Deum
1829 2131 1973 2169 praecipue
1993 2132 2027 2163 ὃς
2048 2132 2171 2162 sanilam
2185 2133 2290 2164 Sedem
2305 2134 2348 2165 A-

1282 2168 1452 2207 postolicam
1465 2170 1542 2207 (cui,
1560 2167 1658 2200 divina
1669 2168 1781 2200 favente
1795 2168 2164 2208 clementia,praefidemus)
2181 2171 2349 2203 Personam-

1283 2218 1339 2246 que
1353 2208 1478 2239 nostram
1493 2209 1564 2248 geris
1578 2207 1783 2239 Reverentiam
1797 2207 1920 2238 filialem.

1320 2247 1410 2286 Super
1422 2247 1474 2278 hiis
1486 2248 1569 2286 igitur
1587 2246 1743 2286 condignas
1758 2246 1920 2277 Gratiarum
1934 2247 2060 2278 artiones
2074 2247 2181 2286 Regiae
2197 2247 2350 2280 Celsitudi-

1282 2287 1312 2316 ni
1332 2286 1480 2318 referentes
1495 2309 1505 2323 ,
1532 2286 1618 2326 ipsam
1639 2286 1669 2315 in
1694 2284 1852 2316 Visceribus
1876 2284 2006 2317 Caritatis
2024 2287 2146 2326 gerimus
2158 2309 2168 2324 ,
2194 2287 2261 2319 loco
2282 2288 2351 2320 dato

1280 2326 1430 2363 praecipuo
1446 2326 1518 2356 inter
1532 2332 1650 2355 caeteros
1660 2323 1829 2355 Catholicos
1843 2324 1987 2362 Principes
2001 2326 2078 2355 orbis
2092 2334 2182 2356 terrae.

1321 2362 1471 2395 Caeteriim
1485 2363 1521 2393 de
1537 2363 1697 2394 Frutfimbus
1712 2362 1920 2394 Beneficiorum
1930 2386 1939 2402 ,
1958 2373 2021 2402 quae
2035 2363 2198 2395 Cardinales
2217 2365 2352 2397 Rebelles

1281 2401 1354 2432 olim
1368 2403 1397 2433 in
1413 2401 1524 2440 Regno
1538 2410 1590 2432 tuo
1606 2402 1775 2433 obtinebant
1809 2402 1847 2432 fic
1863 2400 2045 2440 disposuimus
2060 2426 2069 2440 ,
2089 2403 2169 2441 quod
2184 2403 2261 2435 Duae
2278 2403 2350 2435 Par-

1280 2448 1320 2471 tes
1337 2441 1507 2472 eorumdem
1524 2440 1681 2471 Fruituum
1703 2451 1756 2478 pro
1771 2425 1894 2471 &amera
1915 2440 2010 2471 nostra
2034 2441 2200 2478 Apostolica
2216 2467 2226 2480 ,
2252 2443 2352 2474 Tertia

1283 2482 1356 2510 vero
1378 2480 1444 2511 Pars
1466 2490 1520 2518 pro
1534 2478 1771 2517 Reparationibus
1794 2478 1951 2510 neceffariis
1969 2480 2003 2510 &
2022 2480 2079 2510 aliis
2100 2482 2137 2511 eis
2157 2482 2352 2513 incumbenti-

1283 2519 1336 2549 bus
1350 2519 1500 2555 oneribus,
1520 2518 1703 2549 reserventur.

1322 2557 1415 2588 Porro
1430 2557 1466 2587 de
1477 2557 1616 2587 Traftatu
1634 2556 1782 2595 Regaliae,
1801 2567 1908 2595 nuper,
1927 2556 1997 2587 ficut
2010 2558 2188 2596 accepimus,
2206 2558 2304 2589 habito
2317 2558 2352 2589 &

1285 2595 1422 2626 concluso
1439 2597 1527 2634 inter,
1545 2594 1633 2625 felicis
1647 2595 1865 2635 recordationis,
1884 2598 2040 2633 Gregorium
2055 2598 2160 2635 Papam
2178 2597 2217 2626 xi.
2237 2596 2354 2627 Praede-

1285 2634 1425 2665 celiorem
1449 2634 1598 2672 nostrum,
1615 2635 1649 2665 ὃς
1664 2658 1673 2673 ,
1694 2634 1854 2664 recolendae
1875 2635 2024 2665 memoriae
2039 2659 2048 2673 ,
2064 2636 2238 2665 Edwardum
2253 2659 2262 2672 ,
2279 2636 2352 2666 olim

1286 2675 1381 2710 Regem
1404 2673 1516 2710 Angliae
1533 2697 1542 2709 ,
1558 2673 1655 2703 Avum
1677 2681 1758 2702 tuum
1772 2695 1781 2709 ,
1799 2672 2000 2711 Nequivimus
2023 2674 2105 2711 plene
2127 2674 2293 2712 respondere
2315 2674 2353 2704 de

1286 2712 1429 2750 praesenti,
1445 2713 1509 2750 quia
1525 2710 1656 2750 Registra
1671 2711 1741 2742 dieti
1758 2711 1974 2742 Praedecessoris
1994 2722 2053 2749 prae
2076 2713 2205 2743 manibus
2228 2723 2287 2742 non
2303 2713 2353 2742 ha-

1286 2751 1400 2780 bemus:
1417 2751 1455 2780 set
1475 2750 1566 2789 placet
1588 2749 1670 2788 quod
1691 2751 1821 2788 interim,
1839 2750 1934 2780 donec
1958 2750 2087 2789 Registra
2108 2752 2162 2788 ipsa
2182 2751 2351 2788 viderimus,

1288 2788 1377 2818 nichil
1389 2788 1505 2820 Penitiis
1518 2788 1688 2819 innovetur:
1708 2787 1737 2818 Si
1752 2791 1840 2825 vero,
1860 2798 1894 2819 ex
1908 2788 2127 2827 inadverteutia,
2145 2790 2223 2819 sectis
2242 2789 2352 2820 faitum

1287 2827 1387 2865 fuerit,
1408 2837 1467 2857 non
1482 2827 1578 2857 Valeat
1593 2836 1647 2856 nec
1664 2826 1771 2856 Robur
1785 2827 1883 2856 habeat
1899 2826 2042 2856 firmitatis.

1326 2865 1464 2896 Praeterea
1484 2876 1538 2903 pro
1558 2864 1679 2895 Clericis
1702 2864 1854 2903 Regalibus
1875 2863 1987 2894 Gratias
2005 2865 2101 2901 petitas
2122 2864 2323 2896 Conceffimus
2341 2878 2354 2904 ;

1287 2903 1452 2973 (gfff-'erentes
1465 2904 1551 2942 Nos,
1567 2904 1598 2932 in
1613 2904 1714 2941 quibus
1729 2902 1850 2933 honeste
1866 2903 2036 2940 poterimus,
2054 2903 2134 2934 Votis
2151 2903 2248 2943 Regiis
2269 2914 2355 2935 com-

1318 2953 1407 2974 acere.

1287 2954 1306 2982 P
1327 2982 1475 3021 Rogamus
1496 2988 1591 3011 autem
1612 2979 1709 3017 quod,
1726 2989 1780 3019 pro
1802 2980 1983 3010 incremento
2009 2981 2119 3021 majoris
2132 2982 2172 3011 tui
2185 2980 2300 3019 Meriti,
2319 2982 2354 3012 &z

1290 3031 1344 3059 pro
1359 3019 1549 3051 conservanda
1564 3018 1675 3048 Sanciae
1689 3017 1836 3048 Romanae
1851 3018 1985 3048 Ecclefiae
2000 3018 2138 3057 Unitate,
2156 3020 2284 3057 dignetur
2295 3019 2355 3050 Ex-

1290 3060 1417 3090 cellentia
1432 3066 1477 3088 tua
1491 3057 1590 3088 Nobis
1607 3056 1778 3095 Adhaerere,
1798 3058 1832 3089 &
1846 3067 1916 3088 cum
1933 3056 2064 3088 Potentia
2079 3057 2189 3097 Regia,
2208 3066 2292 3096 prout
2305 3067 2354 3088 ex-

1290 3099 1384 3137 pedit,
1399 3096 1518 3128 assistere
1533 3096 1565 3126 &
1584 3094 1686 3126 favere.

1328 3137 1404 3167 Data
1425 3135 1533 3166 Romae
1553 3133 1627 3172 apud
1649 3133 1784 3164 Sanctam
1809 3133 1932 3164 Mariam
1956 3135 1985 3164 in
2007 3134 2232 3173 Transtiberim,
2249 3136 2287 3167 vi.
2307 3133 2351 3165 Id.

1291 3175 1488 3212 Novembris,
1506 3171 1693 3203 Pontificatsis
1707 3172 1797 3203 nostri
1812 3173 1900 3203 Anno
1917 3171 2029 3204 Primo.

1291 3252 1474 3315 URbames
1487 3249 1624 3289 Episi'fopus
1634 3274 1644 3288 ,
1663 3249 1767 3281 Servus
1781 3249 1938 3281 Servorum
1953 3250 2029 3288 Dei,
2045 3249 2196 3281 Carissimo
2219 3251 2247 3279 in
2263 3249 2352 3279 Chri-

1381 3292 1425 3322 sto
1440 3290 1510 3320 Filio
1529 3289 1660 3328 Ricardo,
1679 3292 1744 3327 Regi
1758 3288 1871 3327 Angliae
1884 3288 2004 3327 illustri,
2022 3288 2146 3319 Salutem
2171 3290 2204 3320 δε
2225 3288 2353 3326 Aposto-

1292 3333 1376 3363 licam
1393 3328 1636 3360 Benedicsslionem.

1331 3369 1489 3400 Serenitatis
1509 3374 1566 3396 tuae
1585 3365 1693 3396 Literas
1707 3389 1717 3404 ,
1740 3367 1824 3397 nobis
1844 3366 1991 3403 nuperime
2012 3366 2181 3402 praesentatas
2194 3389 2203 3403 ‚
2229 3366 2354 3403 gratiose.

1295 3409 1467 3447 recepimus,
1482 3406 1515 3436 &
1529 3403 1564 3435 ad
1578 3404 1623 3444 id,
1643 3405 1724 3443 quod
1744 3405 1841 3436 Nobis
1859 3405 1894 3434 de
1917 3403 2036 3441 quadam
2050 3404 2222 3442 concordia,
2240 3403 2354 3434 dudum

1294 3450 1383 3486 inter,
1402 3446 1487 3476 felicis
1505 3443 1707 3474 recordationis
1723 3467 1732 3482 ,
1751 3446 1906 3481 Gregorium
1927 3444 2031 3480 Papam
2052 3443 2089 3472 xi.
2111 3442 2356 3473 Praedccefforem

1294 3486 1439 3523 nostrum,
1457 3484 1508 3521 δε,
1526 3482 1609 3513 clarae
1623 3484 1788 3519 memoriae,
1809 3481 1981 3511 Edwardum
1995 3483 2090 3518 Regem
2105 3481 2235 3519 Angliae,
2255 3481 2355 3512 Avum

1295 3535 1378 3556 tuum
1394 3547 1403 3562 ,
1420 3523 1492 3554 faista
1507 3544 1517 3560 ,
1535 3520 1684 3560 scripsisti,
1702 3522 1736 3552 δε
1756 3522 1812 3559 ejus
1835 3519 2028 3551 observatione
2043 3529 2091 3558 per
2113 3519 2181 3551 Nos
2202 3518 2330 3551 facienda
2345 3541 2358 3558 ‚

1299 3564 1345 3595 res
1360 3562 1498 3594 ondemus
1512 3560 1609 3598 quod,

1364 3612 1411 3632 um
1434 3598 1559 3636 dudum,
1577 3608 1627 3636 per
1650 3597 1785 3636 quosdam
1806 3597 2020 3628 Ambaxiatores
2045 3606 2125 3629 tuos,
2147 3606 2181 3627 ex
2195 3605 2272 3635 parte
2287 3596 2354 3635 tufi,

1295 3641 1395 3671 Nobis
1416 3637 1507 3670 fuisset
1528 3637 1715 3675 supplicatum
1738 3645 1768 3667 ut
1789 3635 1895 3667 dietam
1920 3635 2118 3667 Concordiam
2143 3636 2249 3667 servare
2270 3636 2358 3668 velle-

1298 3689 1377 3716 mus,

1336 3717 1446 3748 Eiidem
1463 3713 1711 3745 Ambaxiatoribus
1727 3713 1859 3744 duximus
1872 3712 2099 3751 respondendum
2121 3713 2200 3751 quod
2222 3712 2360 3744 Concor-

1299 3755 1376 3786 diam
1398 3755 1501 3792 ipsam,
1520 3753 1539 3782 si
1559 3753 1593 3783 &
1617 3760 1701 3790 prout
1722 3752 1920 3783 rationabiliter
1942 3753 2013 3783 sadra
2027 3752 2125 3790 fucrit,
2145 3751 2359 3783 intendebamus

1300 3795 1334 3825 &
1355 3793 1523 3824 intendimus
1542 3790 1720 3829 observare„
1752 3790 1823 3821 dum
1853 3800 1948 3821 tamen
1970 3790 2006 3821 de
2027 3790 2072 3820 illa
2093 3790 2172 3821 fieret
2192 3790 2291 3821 Nobis
2312 3791 2359 3821 Fi-

1299 3832 1364 3871 des,
1382 3842 1450 3863 cum
1466 3839 1528 3860 cam
1541 3838 1689 3867 nunquam
1704 3828 1872 3868 viderimus,
1891 3839 1943 3859 nec
1960 3829 2088 3859 Sciamus
2103 3828 2171 3868 quid
2190 3829 2244 3868 ipsa
2266 3831 2360 3861 conti-

1300 3880 1374 3902 neat.

1339 3909 1503 3947 Quocirca,
1521 3906 1574 3936 Fili
1591 3905 1745 3943 carissime,
1763 3906 1871 3944 placeat
1887 3906 1999 3936 mittere
2014 3905 2113 3937 Nebis
2125 3917 2207 3946 eam,
2224 3915 2255 3938 ut
2275 3906 2363 3946 pois-

1303 3958 1365 3979 mus
1380 3947 1475 3977 videre
1491 3954 1553 3982 quae
1566 3955 1614 3982 per
1628 3944 1696 3974 Nos
1710 3948 1786 3976 circa
1799 3945 1872 3975 illim
1889 3944 2019 3974 servanda
2033 3944 2102 3983 sint,
2121 3945 2263 3976 Volumus
2284 3947 2362 3975 enim

1302 3996 1381 4018 tuam
1405 3983 1653 4021 Magiiificeiitiam
1675 3994 1727 4021 pro
1746 3993 1826 4013 certo
1846 3992 1960 4020 tenere,
1978 3983 2057 4020 quod
2078 3984 2182 4014 nostrae
2198 3984 2362 4015 intentionis

1303 4024 1345 4055 est
1360 4047 1370 4062 ,
1389 4025 1417 4053 in
1440 4022 1665 4061 quibuscumque
1687 4021 1804 4052 Casibus
1817 4044 1827 4059 ,
1845 4029 1902 4051 tuae
1921 4020 2089 4052 Celsitudini
2101 4046 2111 4062 ,
2135 4032 2272 4063 quantum
2293 4029 2364 4052 curn

1304 4063 1374 4094 Deo
1389 4063 1421 4093 ὃς
1436 4060 1508 4093 salva
1523 4059 1696 4093 conscientia
1709 4061 1883 4128 poterbmus,
1897 4059 2086 4098 complacere.
2295 4095 2370 4128 Data

1835 4107 1850 4137 3

2353 275 2426 305 Ann.
2442 275 2481 307 D.

2370 315 2455 352 1381.

2353 356 2405 380 Ric.
2423 364 2449 382 2.

1357 531 1415 562 OS
1434 532 1585 562 Richardus
1598 556 1608 571 ²
1627 533 1684 564 Dei
1701 536 1790 572 gratia
1803 559 1814 575 >
1833 537 1895 568 &0
1914 537 2032 568 Tenoi‘e
2044 537 2244 579 Praesentium‚
2263 541 2333 572 No·
2349 526 2448 590 guig..

2353 605 2411 628 Par.
2430 610 2460 636 4.

2353 644 2450 676 R.2.p.
2461 647 2488 676 3.

2353 688 2390 706 m.
2409 687 2436 715 3.

2355 1308 2453 1338 *VIL

2358 1357 2423 1385 300.
