2561 4251
49 244 129 276 Ann.
141 241 183 273 D.

52 290 164 358 aa}

57 1835 135 1866 Ann.
147 1832 191 1865 D.

79 1882 163 1912 1357.

56 1917 110 1941 An.
134 1921 177 1949 3¹·

81 1973 157 2018 'iiia

55 2438 193 2472 ¹*VL70.

58 2516 135 2547 Ann.
151 2513 190 2545 D.

57 2561 175 2631 Alf-537¹:

58 2638 89 2661 F..
110 2641 135 2668 3.

56 2676 146 2699 franc.

60 2719 103 2746 3¹·
122 2714 199 2745 E.3.

58 2758 93 2776 m.
111 2757 140 2784 5.

67 3288 145 3320 Ann.
154 3287 195 3319 D.

87 3336 171 3366 1357·

67 3369 120 3393 An.
138 3375 182 3402 3¹·

93 3424 98 3429 ’
106 3426 171 3471 mid.

206 162 285 200 160

203 242 291 273 Insula
302 240 338 272 de
353 240 436 278 Man,
454 239 540 277 quam
554 235 696 267 universos
711 238 744 268 &
760 234 894 272 singulos,
916 233 966 271 qui
978 232 1012 263 ad
1027 230 1130 262 Fidem
1144 230 1176 261 &
1191 228 1273 260 Obe-

204 282 337 312 dientiam
353 278 447 310 David
463 277 499 307 de
515 276 615 316 Bruys,
632 275 724 312 Regis
739 275 847 305 Scotiae
857 295 866 311 ,
882 272 1012 309 existunt,
1029 269 1144 299 firmiter
1160 278 1273 298 tenean-

202 328 266 358 tur,
283 319 384 357 absque
402 317 494 354 aliquo
511 314 611 351 Malo,
629 313 784 351 Dampno,
802 319 847 342 aut
863 309 1054 346 Gravarnine,
1070 309 1117 338 uni
1135 307 1209 338 Parti
1226 315 1273 343 per

203 358 318 389 Partem
334 356 447 387 alteram
461 355 560 392 quovis
576 352 666 382 modo
683 350 844 386 inferendo,
862 349 896 380 &
911 347 1012 385 absque
1024 346 1119 377 fraude
1135 345 1180 375 seu
1195 343 1273 375 malo

203 397 337 434 ingenio,
355 401 440 432 prout
452 394 483 422 in
496 391 716 422 Conditionibus
723 390 903 425 Treugarum
916 386 1027 417 illarum
1048 386 1179 424 (quarum
1188 391 1274 413 teno-

204 444 264 466 rem
280 434 343 464 alias
354 433 437 463 vobis
452 430 587 464 misimus)
605 428 712 466 plenius
725 428 895 457 continetur.
1216 436 1219 440 ·

242 472 288 502 Ac
305 472 386 509 jam,
400 480 435 501 ex
458 469 539 500 Parte
560 468 704 498 dictorum
724 466 951 505 Epffcoporum,
977 462 1076 494 Sancti
1098 459 1220 492 Andreae
1239 458 1274 489 &

203 510 421 548 Breghenenfis‚
442 507 632 553 acceperimus
653 504 732 542 quod
751 502 946 534 Archebaldus
968 501 1114 538 Douglas‚
1129 498 1274 541 johannes

204 548 351 580 Gordoun
361 570 371 586 ,
388 546 562 577 willielmus
576 544 613 574 de
629 543 742 581 Tours,
757 542 904 582 Johannes
921 540 958 571 de
979 540 1092 575 Tours,
1110 538 1143 568 &
1157 535 1273 575 quidam

204 588 251 618 alii
262 587 297 617 de
312 585 429 624 Scotia,
444 593 551 621 nuper,
568 581 640 612 infra
656 590 770 619 tempus
785 580 970 617 Treugasum
984 577 1185 616 praedietarum
1195 597 1204 613 ‚
1221 583 1272 611 per

225 625 339 656 uosdam
360 624 554 655 Marchiarum
577 619 674 658 Regni
693 619 783 650 nostri
808 618 938 656 Angliae,
957 616 1051 647 versus
1071 614 1219 650 Scotiam‚
1236 611 1274 643 de

241 674 324 695 uerra
333 664 407 702 capti
422 662 553 697 fuerunt,
572 659 606 689 &
620 660 650 689 in
673 658 794 689 Prisonis
813 657 919 688 detenti
938 654 1074 691 existunt,
1092 660 1191 683 contra
1213 650 1274 680 for-

204 713 284 733 mam
299 702 477 737 Treugarum
493 697 709 736 praedictarum,
726 697 759 728 &
775 695 842 727 Nos
854 693 1038 735 requisierunt
1059 699 1090 723 ut
1104 690 1197 721 dictos
1210 688 1274 719 Pri-

204 741 327 810 soiiaTrios
337 739 425 769 libere
439 736 585 768 deliberari
597 736 696 775 jubere
710 735 845 774 velimus,

280 788 312 809 os

241 801 376 848 Voleiites
387 814 468 846 Treu
491 823 518 844 as
532 812 606 851 illas,
625 820 761 852 quantum
773 811 808 843 ad
822 811 891 842 Nos
912 811 1049 850 pertinet,
1063 806 1223 845 observari,
1269 843 1276 849 ·

242 855 291 886 Set
319 856 385 894 quia
407 863 465 884 non
487 862 537 883 um
562 851 653 883 sumus
681 850 910 882 certitudinaliter
933 848 1078 880 informati
1102 847 1123 877 fi
1148 843 1278 884 praedich

202 894 367 932 Prisonarii‚
385 900 513 930 ternpore
531 889 651 921 Guerrae
667 890 713 921 vel
730 889 928 927 Tmugarum,
955 888 1032 925 capti
1043 884 1158 916 fuissent
1174 893 1279 921 necne,

244 933 337 963 Vobis
351 930 517 962 mandamus
534 928 632 970 quod,

243 971 380 1010 Receptis
394 980 409 1000 a
423 968 543 1008 praefatis
555 966 732 1003 Prisonariis,
749 964 782 996 &
804 975 907 996 eorum
925 963 1055 1001 singulis,
1077 961 1279 993 sufficientibus

205 1009 481 1048 Manucaptoribus,
498 1007 547 1047 qui
560 1016 608 1036 eos
623 1005 819 1041 manucapiant
835 1014 884 1042 per
898 1003 1085 1033 Securitatem
1107 1009 1176 1031 com
1198 1007 1276 1029 eten-

206 1056 283 1088 tem,
303 1048 383 1088 quod
399 1047 517 1087 quilibet
530 1044 702 1076 Prisonarius
714 1042 884 1073 eorumdem
899 1041 1013 1079 Corpus
1033 1039 1114 1070 suum
1133 1039 1163 1068 in
1208 1036 1277 1067 riso-

206 1097 291 1126 nam,
310 1088 360 1118 ubi
372 1087 433 1125 jam
446 1085 604 1123 detinetur,
622 1083 695 1114 infra
717 1081 905 1120 Qindenam
925 1079 990 1118 post
1010 1077 1258 1116 praemunitionem

206 1127 259 1157 sibi
274 1136 308 1157 ex
328 1133 404 1163 parte
424 1122 520 1154 nostra
540 1130 586 1153 aut
608 1121 698 1153 vestra
718 1119 896 1157 faciendam,
914 1118 1031 1149 fideliter
1049 1115 1209 1153 reintrabit,
1227 1114 1255 1144 n'

203 1164 280 1196 aliud
295 1175 312 1196 a
326 1163 411 1194 nobis
425 1161 492 1193 inde
505 1161 654 1192 habueritis
666 1161 695 1190 in
712 1158 874 1196 Mandatis,

242 1201 367 1234 Eosdem
382 1200 554 1231 Prisonarios
566 1199 602 1230 ad
613 1198 725 1238 propria
739 1198 769 1227 in
783 1196 910 1228 Scotiam
932 1197 974 1226 ire
989 1192 1172 1233 permittatis,

240 1241 278 1272 Et
291 1240 405 1271 interim
419 1239 455 1269 de
471 1238 614 1276 Captione
627 1235 797 1268 eorumdem
813 1234 1034 1265 Prisonariorum
1042 1255 1053 1271 ,

244 1280 292 1311 An
312 1277 468 1317 (videlicet)
490 1285 618 1314 tempore
637 1276 816 1311 Treugarum
839 1272 1058 1311 praedictarum,
1076 1269 1121 1301 vel
1142 1275 1224 1307 ante,
1241 1266 1275 1300 &

204 1319 339 1358 qualiter,
356 1317 390 1348 ὅ(
404 1326 463 1354 quo
481 1315 589 1352 mod0,
607 1313 681 1344 facia
694 1311 796 1343 fuerit?

243 1356 291 1387 Eo
304 1356 398 1387 veritis
412 1355 446 1386 &
460 1353 625 1391 diligentius
639 1361 696 1390 quo
718 1350 844 1388 poteritis
863 1359 918 1380 vos
936 1347 1107 1386 informetis,
1127 1346 1161 1378 ὅ(
1181 1344 1275 1376 Infor-

206 1396 363 1426 mationem
377 1393 470 1431 illam,
489 1392 527 1424 sic
540 1390 662 1429 faetam,
680 1390 734 1420 una
746 1399 815 1420 cum
831 1399 868 1420 eo
902 1387 960 1418 uod
976 1386 1055 1426 inde,
1069 1387 1146 1426 juxta
1161 1384 1275 1415 Discre-

207 1435 296 1464 tiones
310 1432 426 1472 vestras,
444 1431 567 1463 videritis
580 1428 763 1467 faciendum,
780 1427 864 1457 nobis
894 1427 932 1457 ub
947 1425 1053 1463 Sigillis
1070 1423 1181 1462 vestris,
1200 1422 1278 1454 adci-

204 1473 260 1504 tius
278 1482 336 1512 quo
360 1472 499 1509 poteritis,
516 1470 649 1506 mittatis,
666 1476 717 1505 ut,
741 1466 795 1496 hiis
815 1466 897 1504 visis,
921 1464 1033 1496 ulterius
1051 1462 1119 1494 inde
1143 1462 1278 1494 faciamus

202 1510 281 1550 quod
294 1510 331 1541 de
345 1511 422 1541 bona
435 1508 492 1540 fide
505 1508 588 1539 fuerit
602 1506 774 1538 faciendum.

276 1548 365 1581 Teste
387 1548 470 1589 Rege
492 1546 566 1587 apud
582 1542 887 1581 Westmonasterium,
903 1541 1010 1574 octavo
1024 1540 1069 1572 die
1086 1539 1277 1573 Novembris.

740 1622 795 1652 Per
810 1617 890 1659 ipfimi
903 1621 1001 1657 Regem
1025 1617 1064 1653 ὠ·
1084 1616 1237 1648 Concilium.

542 1756 602 1788 Pro
625 1752 805 1798 Prisbnariis
826 1751 938 1784 Scotiae.

214 1841 357 1897 REX,
374 1841 439 1874 &c.
474 1840 610 1873 Salutem.

309 1881 409 1912 Sciatis
426 1880 524 1919 quod,

248 1920 328 1951 Cum
345 1918 516 1951 Arcebaldus
528 1917 564 1948 de
580 1915 710 1955 Douglas
723 1914 874 1954 Chivaler,
891 1915 925 1948 δε
937 1913 1110 1946 Willielmus
1123 1911 1160 1944 de
1173 1911 1280 1950 Tours,

211 1959 247 1990 de
268 1959 365 1990 Scotia
376 1981 385 1997 ‚
403 1957 487 1996 usque
510 1956 646 1987 Civitates
664 1954 771 1986 nostras
792 1954 958 1985 Londoniae
973 1954 1006 1985 &
1021 1953 1200 1990 Cantuariae,
1216 1951 1281 1990 qui-

208 1999 324 2030 busdam
340 1998 421 2028 certis
435 1998 470 2026 de
484 1996 586 2033 causiS,
603 1995 639 2025 de
654 1994 780 2025 Licentia
797 1993 909 2032 nostra,
929 1992 988 2023 sunt
1002 1991 1173 2031 profedmri,

250 2037 317 2068 Nos
335 2036 471 2074 (volentes
489 2044 590 2065 eorum
608 2033 753 2064 Securitati
772 2033 802 2062 in
819 2032 873 2063 hac
891 2040 966 2070 parte
985 2030 1142 2069 providere)
1158 2027 1281 2067 ‚suscepi-

208 2085 272 2106 mus
289 2074 379 2113 ipsos,
398 2073 588 2104 Arcebaldum
607 2072 640 2103 δε
656 2070 870 2108 Willielmum,
888 2069 1030 2100 veniendo
1052 2079 1121 2099 cum
1146 2068 1280 2106 Quatuor

210 2114 359 2153 Equitibus
378 2112 414 2143 de
432 2112 578 2143 Comitiva
594 2111 656 2149 sua,
673 2109 735 2145 &c.
762 2116 793 2139 ut
813 2121 842 2139 in
858 2107 990 2150 similibus
1015 2109 1046 2138 de
1064 2107 1202 2139 Conduc‘lu
1226 2108 1280 2137 Li-

209 2157 286 2183 teris.
585 2171 587 2180 Α

233 2190 279 2236 *In
292 2191 389 2235 cujus,
408 2189 469 2238 &0
487 2188 574 2227 usque
585 2188 620 2220 ad
634 2186 748 2218 Festum
759 2185 967 2218 Purificationis
990 2186 1078 2217 beatae
1093 2183 1197 2216 Mariae
1211 2183 1282 2215 Vir-

207 2227 915 2337 {mls'fssffdmfiefgleurgpriidiuffitgiismonasterium
932 2287 943 2304 ,
975 2263 1091 2294 decimo
1124 2262 1203 2294 sexto
1234 2260 1282 2292 die

247 2317 303 2338 ove
327 2317 336 2336 i
357 2317 402 2337 ris.

450 2429 477 2456 *ἒ
508 2433 564 2466 Pro
590 2425 744 2471 Obsidibus
767 2426 875 2461 Karoli
897 2425 933 2458 de
957 2425 1050 2475 Bloys.

212 2517 292 2574 RE
303 2516 352 2556 X,
369 2518 429 2549 &c.
467 2516 602 2547 Salutem.

304 2557 402 2587 Sciatis
416 2555 494 2594 quod
505 2575 515 2591 ,
1041 2573 1051 2577 -

248 2595 330 2627 Cum
344 2595 411 2625 Yvo
424 2595 459 2624 de
475 2592 613 2624 Keneken
628 2590 664 2622 ad
678 2590 771 2622 Partes
785 2589 933 2621 Britanniae
942 2610 952 2626 ‚
967 2597 1019 2626 pro
1041 2584 1208 2625 quibusdam
1228 2587 1283 2618 Vi-

213 2635 350 2666 Ctualibus
366 2635 400 2665 &
416 2631 603 2668 Necessariis,
621 2630 655 2660 ad
671 2629 901 2667 Opusjoliannis
924 2628 957 2658 &
980 2626 1142 2664 Guidonis,
1159 2626 1283 2658 Libero-

213 2684 278 2704 rum
289 2672 408 2703 Nobilis
421 2671 485 2702 Viri
500 2669 599 2701 Karoli
613 2669 649 2699 de
662 2667 760 2708 Bloys,
779 2677 831 2705 pro
850 2666 954 2696 eodem
976 2665 1085 2696 Karolo
1107 2666 1135 2694 in
1161 2665 1284 2704 Anglia,

213 2713 265 2743 sub
279 2719 354 2741 certa
369 2710 470 2749 forma,
487 2711 558 2740 inter
569 2707 637 2738 Nos
651 2707 684 2737 &
702 2706 794 2744 ipsum
812 2704 1001 2748 concordata,
1017 2706 1045 2733 in
1061 2703 1182 2734 Obsides
1196 2714 1284 2735 com-

211 2751 404 2820 Ηῑοῑεηῐίωη,
423 2746 578 2787 quaerendis
590 2747 623 2778 ὃ(
637 2746 666 2775 in
682 2744 818 2783 Angliam
834 2742 1011 2782 apportandis
1026 2742 1203 2780 profeCmrus
1225 2744 1283 2773 exi-

237 2799 262 2820 at

251 2813 321 2859 lx’Jos
350 2826 486 2865 (volentes
507 2823 654 2856 Securitati
675 2824 683 2852 i
706 2821 755 2852 sius
776 2820 888 2851 Yvonis
910 2821 939 2850 in
955 2819 1009 2851 hac
1032 2828 1108 2858 parte
1122 2819 1281 2857 providere)

211 2867 378 2904 suscepimus
399 2865 505 2904 ipsum,
522 2864 556 2895 &
577 2861 659 2892 Duos
685 2832 803 2900 {Equites
824 2859 860 2889 de
883 2858 1030 2890 Comitiva
1053 2859 1117 2896 sua,
1135 2860 1167 2889 δε
1182 2868 1283 2888 eorum

212 2905 356 2943 valettos,
373 2904 433 2939 &a
452 2909 483 2933 ut
497 2907 526 2933 in
534 2900 666 2942 fimilibus
680 2902 785 2929 Literis
800 2897 832 2927 de
846 2897 992 2927 Condur‘lu.

250 2943 286 2974 In
299 2944 397 2981 cuius,
414 2942 476 2973 &c.
494 2951 542 2979 per
556 2949 647 2970 unum
662 2938 781 2969 Annum
796 2937 948 2968 duraturas.

289 2981 380 3012 Teste
404 2980 511 3019 meipso
533 2978 608 3018 apud
638 2974 942 3015 westmonasterium,
970 2973 1087 3006 decimo
1109 2973 1216 3004 oistavo
1238 2973 1285 3006 die

217 3021 368 3053 Oetobris.

975 3053 1029 3081 Per
1047 3049 1128 3090 ipfiaem
1145 3053 1248 3089 Regem.

409 3205 460 3237 De
481 3199 620 3245 Custodia
644 3197 741 3243 Castra·
764 3197 800 3231 de
826 3195 907 3241 Brest
927 3194 1089 3242 commiffli.

218 3289 339 3345 REX
357 3289 510 3326 omnibus,
527 3286 563 3318 ad
578 3296 666 3326 quos,
685 3285 747 3317 &c-
782 3283 917 3315 Salutem.

311 3329 413 3361 Sciatis
443 3326 504 3358 uod

255 3368 350 3406 Cum,
362 3338 480 3398 dilegtus
495 3347 726 3403 donsanguineus
740 3361 773 3392 δε
796 3360 899 3391 Fidelis
916 3358 1028 3397 noster,
1048 3357 1194 3402 Henricus
1217 3355 1288 3400 Dux

222 3406 410 3445 Lancastxtae,
426 3404 596 3441 Capitaneus
611 3403 644 3432 &
660 3400 790 3431 nostrum
810 3399 927 3429 Locum
945 3406 1041 3429 tenens
1060 3406 1089 3426 in
1098 3395 1215 3425 Ducatu
1230 3395 1289 3425 Bn-

219 3446 342 3481 tanniae,
359 3443 527 3475 concesserit
541 3442 574 3472 &
589 3439 799 3474 deliberaverit,
817 3437 921 3467 dile&o
933 3437 967 3468 &
988 3434 1064 3466 fideli
1085 3433 1202 3472 nostro,
1221 3433 1289 3463 Ma-

219 3486 287 3516 theo
308 3483 344 3513 de
366 3482 506 3520 Gourney
529 3478 662 3510 Castrum
683 3478 721 3509 de
742 3475 838 3514 Brest,
861 3485 932 3505 cum
950 3482 1013 3504 toto
1032 3472 1175 3503 Dominio
1196 3472 1290 3502 eidem

219 3522 324 3553 Castro
340 3522 513 3558 pertinente,
531 3518 565 3548 &
583 3517 664 3548 fimul
681 3525 750 3547 cum
768 3514 907 3551 Moneta,
927 3511 1196 3549 Redemptionibus,
1207 3510 1290 3540 Con-

227 3559 432 3630 ijtscationibus,
448 3560 481 3590 &
495 3557 630 3588 omnibus
643 3556 702 3586 aliis
715 3552 874 3591 Promis,
890 3552 925 3583 ad
947 3551 1060 3582 dietum
1078 3548 1210 3580 Castrum
1232 3549 1292 3587 spe-

224 3609 244 3630 c
257 3600 366 3629 antibus

263 3638 308 3668 Ac
323 3619 409 3667 etia’m
420 3632 527 3664 Villam
542 3631 577 3661 de
592 3631 699 3662 SanCto
715 3630 848 3667 Matheo,
865 3637 933 3660 cum
948 3626 1083 3658 Brevibus
1097 3626 1131 3658 &
1144 3624 1295 3656 Custumis

226 3675 351 3713 ejusdem
371 3672 453 3704 Villae
493 3680 527 3701 ac
550 3670 697 3700 Admiratu
731 3668 874 3706 PiscariiS,
896 3665 1085 3703 Redditibus,
1102 3664 1243 3702 Servitiis,
1261 3665 1294 3695 &

228 3714 361 3756 omnibus
374 3713 432 3756 aias
448 3694 576 3741 fixitibus
590 3708 624 3738 ει
639 3691 792 3752 proficuis,
809 3706 844 3738 ad
858 3705 990 3745 praedieta
1006 3703 1110 3735 vinam
1132 3702 1165 3733 δε
1187 3701 1295 3732 Domi-

227 3751 510 3832 iiuffiffgiffiegccuffi
526 3746 806 3822 tiedggrelgtaargliltgssffi
823 3782 978 3826 contigerit
997 3779 1090 3819 ipsum
1105 3778 1224 3822 Ducem
1238 3779 1296 3823 esie

230 3826 420 3896 sCapitglngeum
447 3827 480 3857 &
506 3825 624 3856 Locum
650 3821 784 3853 nostrum
806 3829 949 3851 tenentem
966 3829 996 3850 in
1016 3819 1130 3850 Ducatu
1148 3816 1297 3847 Britanniae

243 3875 261 3896 u
283 3875 312 3894 ra
332 3865 341 3893 i
360 3866 407 3900 to,

263 3875 339 3933 Iixlos
359 3900 590 3938 (Conceffionem
602 3897 901 3934 &Deliberationem,
918 3895 1011 3926 eidem
1023 3894 1148 3926 Matheo
1162 3903 1211 3931 per
1226 3903 1298 3931 prce-

231 3941 322 3972 fatum
344 3939 462 3970 Ducem
484 3939 522 3969 sic
550 3939 653 3976 fa&as,
677 3934 871 3973 acceptantes)
898 3935 1031 3964 volumus
1052 3934 1085 3965 &
1114 3932 1300 3963 concedimus

230 3978 314 4019 quod
337 3977 414 4008 idem
438 3975 570 4007 Matheus
587 3977 686 4007 habeat
708 3975 742 4006 &
763 3981 854 4004 teneat
871 3972 1021 4009 praedieia,
1040 3971 1175 4002 Castrum
1191 3971 1224 4002 ὃς
1236 3969 1300 4000 Vil-

231 4019 308 4055 lam,
326 4025 394 4047 cum
408 4015 542 4047 omnibus
556 4014 590 4044 ad
603 4024 653 4051 ea,
670 4022 702 4044 ut
716 4011 915 4051 praemittitur,
932 4009 1130 4049 spectantibus,
1145 4010 1223 4048 juxta
1237 4009 1299 4039 vim

231 4058 266 4089 ὃς
278 4054 418 4088 effectum
431 4051 628 4084 Conceffionis
644 4052 724 4090 iplius
735 4050 830 4083 Ducis
842 4047 1006 4087 supradietae
1014 4070 1024 4087 ,

686 139 1487 192 CONVENTIONES,

1543 137 1938 186 LITERAE,

1345 225 1388 271 *Et
1402 225 1531 263 ulterius,
1549 235 1584 257 ex
1597 227 1724 257 uberiori
1736 224 1837 256 Gratia
1852 222 1964 262 nostra,
1981 223 2116 262 quamdiu
2131 222 2224 262 dieta,
2242 221 2375 255 Castrum
2399 221 2477 254 Arm.
2485 224 2527 257 D.
2557 251 2561 258 2

1311 264 1437 309 Villam,
1453 265 1488 296 &
1509 264 1707 310 Dominium,
1724 265 1755 294 in
1777 272 1862 294 manu
1882 261 1996 301 nostra,
2015 264 2135 294 nomine
2157 262 2321 301 Custodiae,
2340 248 2387 295 vel
2420 270 2503 302 1357.

1310 303 1366 335 alio
1379 302 1469 334 modo
1477 326 1487 342 ,
1502 311 1658 342 contigerit
1670 311 1823 334 remanere.

1347 341 1382 372 In
1400 343 1494 381 cuiuS,
1511 343 1573 373 &c.

1311 417 1331 448 b
1349 418 1369 448 ‚s
1384 379 1474 412 Teste
1490 380 1577 420 Rege
1594 379 1668 420 apud
1685 376 1991 417 westmonasterium,
2013 377 2151 410 vicesimo
2175 378 2222 410 die
2246 378 2386 411 Novem-

1332 428 1356 448 ri
1371 441 1378 450 .

2068 456 2123 485 Per
2140 454 2223 495 ipfiam
2239 458 2345 496 Regem.

1373 584 1458 629 Papae
1483 580 1528 615 ad
1549 584 1678 629 Regem,
1697 593 1750 629 pro
1771 586 1871 626 Pace,
1895 582 2051 616 cumulacae
2075 579 2318 619 Exhortationes‚

1312 666 1529 737 INnocentius
1540 666 1697 707 Episcopus
1721 666 1822 698 Servus
1831 667 1983 699 Servorum
1998 666 2076 707 Dei,
2094 666 2237 700 cariffimo
2250 668 2280 698 in
2296 666 2383 699 Chri-
2399 662 2529 695 Arm-D.

1324 745 1330 750 ,
1360 706 1405 737 sto
1419 707 1493 738 Filio
1502 730 1513 752 2
1529 706 1690 752 edwardo,
1703 690 1786 745 'Regi
1801 705 1916 744 Angliae
1928 705 2048 746 inusta,
2066 707 2193 739 Salutem
2206 707 2240 738 ες
2255 706 2380 745 Aposto-
2419 710 2504 742 1357-

1311 743 1396 775 hcam
1411 744 1655 777 BenediCtionem.
2393 745 2447 768 An.
2465 752 2509 779 31·

1351 782 1553 815 Celsitudinem
1573 793 1650 816 tuam
1672 782 1821 822 (cariffime
1834 781 1899 813 Filii
1929 790 1979 820 per
1995 782 2104 815 nostros
2117 785 2256 815 Nuncios
2269 785 2303 817 ὃς
2318 785 2381 816 Lit-
2394 784 2424 807 Ε·
2446 790 2471 816 3·

1311 828 1380 867 teras
1400 822 1500 861 saepius
1523 823 1655 854 instanter
1675 821 1866 853 amonendam
1887 820 2020 851 duximus
2040 822 2073 852 ὃς
2100 823 2275 862 rogandam,
2296 832 2326 854 ut
2346 823 2380 854 ad
2411 823 2452 846 Ex
2469 821 2527 847 Au-

1315 861 1459 892 imendam
1476 861 1584 892 Pacem
1598 869 1688 898 cum,
1706 860 1845 891 cariffimo
1867 859 1896 890 in
1912 858 2028 890 Christo
2049 859 2124 890 Filio
2144 861 2261 901 nostro,
2274 861 2380 901 Johan-
2397 865 2464 895 togr.

1314 909 1350 929 ne
1365 899 1451 944 Rege
1466 900 1642 943 Francorum
1656 898 1768 938 illustri,
1788 906 1868 930 tuum
1883 899 2013 928 animum
2029 897 2194 937 inclinares3
2211 899 2383 932 ferventibus

1313 937 1451 969 desideriis
1465 938 1572 969 diutius
1586 937 1762 976 expediant&
1774 946 1815 976 ut,
1834 938 1904 967 sicut
1919 937 2000 967 nobis
2016 937 2175 968 multorum
2190 937 2322 969 habimus
2338 941 2383 970 in-

1313 976 1430 1021 sinuatio
1445 977 1528 1008 fidedi
1550 987 1584 1007 na
1598 975 1744 1015 suggessit,
1761 975 1841 1014 Rege
1856 973 1986 1013 pacifico,
1994 984 2043 1013 per
2051 985 2140 1015 quem
2154 975 2252 1013 Reges
2265 986 2384 1014 regnant

1313 1015 1348 1046 &
1363 1015 1507 1053 Principes
1540 1016 1704 1046 ominantur
1717 1015 1745 1044 in
1762 1013 1877 1051 Terris,
1897 1014 2030 1044 virtutem
2044 1022 2121 1045 tuam
2137 1015 2166 1044 in
2190 1013 2386 1047 Mansuetudi-

1313 1062 1350 1084 ne
1371 1053 1563 1093 confovente,
1582 1054 1669 1084 dictae
1688 1052 1769 1083 Pacis
1787 1052 1953 1089 negotium,
1969 1052 2065 1092 quod,
2079 1055 2155 1092 juxta
2180 1063 2211 1084 ea
2227 1063 2291 1093 quae
2306 1054 2384 1086 Tra-

1313 1091 1388 1136 &ata
1400 1092 1528 1131 fuerant,
1545 1102 1579 1123 ex
1593 1101 1641 1123 tua
1660 1090 1835 1131 dependebat
1855 1090 2044 1129 principaliter
2066 1091 2228 1131 voluntate,
2244 1091 2385 1124 salubrem

1312 1128 1448 1161 sortiretur
1464 1130 1610 1169 effectum,

1351 1168 1409 1214 Sed
1424 1170 1488 1215 quia
1502 1171 1654 1207 negotium
1671 1168 1775 1207 ipsum,
1802 1167 1929 1199 inimico
1943 1167 2060 1198 humani
2092 1170 2180 1200 eneris
2193 1169 2314 1202 faciente
2345 1170 2384 1203 fic

1311 1216 1459 1245 pernitiose
1473 1208 1659 1252 protrahitur,
1676 1210 1709 1239 &
1724 1217 1784 1237 non
1798 1206 1897 1247 absque
1911 1207 2040 1237 maximis
2091 1207 2233 1238 nimarurn
2255 1208 2289 1240 &
2337 1220 2384 1241 or-

1312 1255 1415 1315 ffimm
1429 1247 1561 1291 periculis
1574 1247 1744 1284 retardatur,
1760 1246 1840 1282 gravi
1853 1245 1975 1284 exinde,
1992 1254 2051 1276 non
2065 1245 2224 1284 immerito,
2243 1247 2384 1285 replemur

1353 1285 1452 1317 olestia
1468 1287 1501 1317 &
1515 1285 1622 1316 alliduo
1635 1285 1733 1316 dolore
1749 1292 1925 1322 torquemur.

1350 1323 1393 1356 Ex
1405 1324 1458 1355 hiis
1469 1325 1549 1355 enim
1561 1324 1684 1355 nimium
1698 1322 1837 1360 utriusque
1844 1321 2000 1361 quassantur
2014 1321 2106 1361 Regis
2117 1322 2233 1361 Regna,
2250 1324 2383 1362 affligun-

1313 1370 1357 1394 tur
1373 1362 1492 1401 Populi,
1514 1363 1639 1394 Divinus
1654 1363 1743 1394 cultus
1754 1362 1904 1400 minuitur,
1922 1370 1981 1392 tota
1995 1360 2190 1393 Christianitas
2203 1362 2330 1402 laeditur,
2348 1365 2384 1395 δε

1315 1411 1375 1431 non
1390 1401 1481 1445 solum
1497 1401 1588 1433 Terra
1603 1401 1720 1440 Sandia,
1758 1411 1803 1431 uae
1819 1400 1943 1437 subjeeta
1958 1399 2087 1431 Canibus
2102 1400 2304 1433 &Tributaria
2320 1402 2386 1433 Sar-

1313 1449 1437 1484 racenis,
1451 1448 1534 1471 tuum
1549 1441 1581 1472 &
1596 1441 1715 1471 aliorum
1763 1439 1955 1470 atholicorum
1970 1438 2139 1480 Principum
2154 1438 2278 1478 deplorat
2292 1441 2385 1473 Auxi—

1313 1479 1402 1516 lium,
1421 1479 1466 1509 sed
1482 1479 1515 1509 ὃς
1530 1478 1659 1510 Mundus
1672 1478 1738 1509 inde
1754 1478 1857 1516 petitur
1873 1477 2022 1508 universus.

1327 1556 1333 1562 ·
1351 1517 1555 1563 froirca,
1574 1518 1676 1549 Preces
1697 1517 1828 1549 addentes
1847 1516 1999 1555 Precibus,
2021 1518 2055 1549 ὃς
2075 1516 2258 1548 Hortationes
2275 1517 2385 1550 Horta-
2398 1508 2532 1547 *VI-71ss

1312 1557 1438 1587 tiombus
1450 1557 1624 1588 cumulantes
1658 1556 1841 1587 Serenitatem
1856 1563 1932 1586 tuam
1942 1578 1951 1593 ,
1969 1565 2019 1594 per
2033 1555 2218 1595 aspersionem
2231 1556 2386 1595 Sanguinis

1313 1593 1517 1640 Redemptoris
1533 1595 1620 1626 nostri
1630 1579 1756 1626 Domini
1766 1594 1830 1632 Jesu
1852 1593 1976 1633 Christi,
1995 1596 2114 1632 paternis
2132 1594 2283 1626 affecitibus
2301 1596 2383 1627 obse-

1311 1642 1425 1678 cramus
1439 1642 1583 1672 quatinus,
1601 1641 1644 1665 tot
1658 1634 1691 1665 &
1704 1635 1783 1664 tantis
1797 1632 1931 1663 Periculis
1946 1641 2027 1672 atque
2042 1633 2129 1664 Malis
2147 1633 2234 1664 finem
2255 1634 2384 1666 clemen-

1314 1680 1356 1704 ter
1371 1682 1542 1717 imponenS‚
1561 1673 1595 1703 &
1610 1672 1687 1702 Bona
1700 1670 1797 1710 Pacis,
1816 1681 1867 1709 per
1885 1681 1972 1711 quam
1992 1670 2095 1711 Regna
2116 1671 2262 1711 crescunt,
2280 1673 2325 1704 Po
2365 1674 2387 1705 li

1314 1709 1484 1756 proficiunt,
1502 1711 1536 1742 &
1555 1710 1673 1742 Utilitas
1695 1710 1808 1747 publica
1829 1708 2004 1747 custoditur,
2021 1719 2121 1747 quaeve
2138 1712 2263 1742 maxime
2284 1713 2315 1743 in
2326 1684 2385 1743 Vi-

1314 1749 1405 1781 etona
1419 1749 1567 1794 quaerenda
1584 1749 1636 1788 est,
1653 1747 1802 1785 diligenter
1817 1747 1962 1779 attendens
1977 1747 2010 1778 ad
2024 1757 2055 1778 ea
2064 1758 2112 1786 per
2125 1759 2190 1789 quae
2205 1750 2286 1788 ipsius
2300 1761 2321 1782 o
2341 1759 2384 1782 ta-

1313 1796 1350 1833 tae
1363 1787 1441 1820 Pacis
1454 1789 1603 1832 negotium
1618 1788 1735 1819 celerius
1748 1786 1836 1818 valeat
1849 1786 1991 1825 expediri,
2008 1785 2150 1818 Animum
2163 1795 2256 1827 tuum,
2272 1791 2312 1820 ob
2322 1760 2383 1820 FDi-

1314 1837 1413 1858 vinam
1428 1826 1739 1872 etiam&l3lpostolicae
1753 1825 1833 1856 Sedis
1845 1835 1878 1856 ac
1893 1823 2019 1856 nostram
2027 1826 2390 1864 reverentiam,effeetuali-

1315 1874 1355 1898 ter
1370 1867 1403 1898 &
1417 1867 1540 1905 benigne
1555 1864 1699 1903 dispona53
1717 1865 1755 1895 ita
1791 1864 1850 1895 uod
1866 1863 1931 1894 inde
1946 1863 2018 1902 apud
2032 1863 2130 1895 Deum
2140 1864 2296 1896 Praemium
2305 1875 2385 1898 aeter-

1315 1915 1361 1950 nae
1382 1905 1569 1949 retributionis
1576 1926 1586 1942 ,
1611 1904 1645 1935 &
1663 1903 1737 1942 apud
1791 1903 1900 1934 omines
1920 1910 2062 1941 perpetuae
2084 1903 2189 1942 laudis,
2211 1903 2389 1944 summaeque

1316 1951 1423 1983 pietatis
1438 1944 1617 1982 praeconium
1631 1941 1816 1981 consequaris.

1392 1981 1459 2013 Dat.
1477 1982 1613 2014 Avinion.
1629 1981 1731 2022 quinto
1745 1979 1810 2012 Kal.
1826 1979 1985 2012 Decembr.
1999 1978 2186 2012 Pontificatsis
2201 1980 2290 2012 nostri
2298 1981 2388 2013 Anno

1319 2019 1444 2062 Qiinto.

1916 2096 1970 2127 Sub
1979 2095 2041 2138 filis
2059 2096 2240 2127 cannabaceis.

2140 2177 2283 2205 Firminus.

1320 2310 1370 2342 De
1385 2305 1524 2355 potcstate
1547 2303 1735 2351 refhrmandi
1759 2305 1976 2350 Attemptata,
2012 2306 2044 2336 in
2065 2305 2261 2349 Aquitania,
2288 2314 2391 2337 contra

1783 2355 1928 2400 Trcugas.

1319 2442 1460 2500 REX,
1479 2441 1588 2475 dilectis
1603 2440 1636 2473 &
1652 2438 1778 2483 fidelibus
1791 2438 1859 2483 suis,
1873 2437 1997 2477 johanni
2009 2437 2045 2469 de
2061 2437 2272 2483 Cheveresdon,
2290 2438 2388 2483 Senes·
2402 2441 2479 2472 Ann.
2496 2439 2534 2471 D.

1336 2523 1341 2528 ι
1394 2483 1465 2527 callo
1480 2482 1529 2513 suo
1541 2480 1708 2522 Vasconiae,
1725 2476 1870 2513 Magistro
1884 2476 2011 2521 Gti‘aldo
2026 2477 2061 2508 de
2074 2476 2168 2521 Podio
2179 2477 2274 2516 Judici
2293 2477 2389 2516 MaJo-
2424 2488 2507 2518 1357,

1318 2520 1571 2598 iitngffitiiggae
1586 2517 1752 2555 Vasconiae,
1769 2517 1802 2548 &
1818 2515 1965 2554 Magistro
1980 2517 2098 2553 Johaiim
2108 2516 2240 2547 Guitardi
2249 2516 2324 2555 Juris
2337 2528 2388 2555 pe-
2401 2523 2485 2596 2121?
2494 2529 2516 2547 i.

1357 2599 1457 2630 Sciatis
1471 2597 1550 2637 quod
2403 2601 2436 2625 Va
2448 2607 2470 2624 c.
2510 2598 2536 2624 ι.“

1455 2630 2281 2717 ..M
2401 2597 2476 2712 is

1320 2725 1402 2748 ‘²¹¹¹ae
1418 2726 1449 2746 ¹¹¹
1462 2716 1552 2784 Trim
1565 2709 1756 2782 ᾗὲὲῑέῗέἷὲ
1775 2707 2274 2786 ῑὲῗὲὲεῐὲῗᾷἳὲἓῗεῗοῖἔέῶῐὲῑᾸΨ
2292 2709 2390 2781 3⁰³3}

1319 2756 1508 2825 ῐὸἑῗιὸἰὲἓηεε
1517 2762 1702 2829 t{Ir“cri÷ugai·uin
1711 2810 1720 2825 ,
1736 2771 1804 2817 hinc
1820 2789 1852 2830 {st
1866 2786 1933 2816 inde
1948 2769 2051 2829 ultimo
2066 2758 2198 2818 initariim
2211 2758 2390 2819 giniiartinnata-

1318 2832 1593 2902 ruissgsAnemptata
1607 2829 1674 2866 sint,
1692 2834 1724 2856 ut
1737 2834 1898 2863 accepimus
1907 2847 1916 2863 ,
1934 2824 1968 2856 &
1981 2824 2068 2863 illata,

1344 2894 1486 2977 ‚Treu'gaf
1504 2906 1650 2951 praedietas
1669 2902 1814 2940 volentes,
1840 2909 1977 2940 quantum
1993 2900 2027 2932 ad
2045 2910 2095 2931 nos
2112 2902 2248 2938 pertinet,
2272 2899 2391 2931 inviola-

1320 2949 1412 3019 bssiigr
1422 2949 1845 3018 ‹ssbsgxsizixis’circumspedtione
1863 2978 1897 3010 &
1915 2976 2046 3009 fidelitate
2064 2977 2176 3016 plenam
2193 2976 2327 3008 fiduciam
2347 2987 2392 3009 re-

1322 3034 1483 3067 portantes,

1360 3065 1408 3097 Ad
1421 3064 1518 3094 omnia
1529 3063 1561 3094 &
1576 3059 1692 3099 singula,

1359 3105 1439 3142 Qiae
1460 3100 1629 3132 sufficienter
1651 3099 1684 3129 &
1707 3095 1835 3133 legitime
1848 3093 1982 3124 noveritis
1993 3092 2076 3123 dietis
2094 3091 2220 3124 Subditis
2235 3091 2393 3123 Adversarii

1321 3142 1410 3173 nostri
1432 3139 1577 3180 praedieti,
1596 3136 1641 3167 vel
1665 3136 1723 3173 ejus
1744 3133 1961 3163 Adhierentibus
2017 3142 2046 3162 er
2060 3130 2168 3162 Gentes
2188 3130 2234 3162 vel
2254 3131 2392 3162 Subditos

1322 3180 1431 3211 nostros
1443 3180 1513 3208 dicti
1528 3174 1677 3212 Ducatiis³
1696 3174 1725 3202 in
1737 3172 1845 3210 Terra,
1864 3170 1909 3201 vel
1922 3172 1953 3200 in
2008 3171 2059 3208 ari,
2077 3179 2125 3208 per
2140 3170 2302 3208 hujusmodi
2314 3169 2394 3208 Cap-

1321 3221 1412 3250 tiones
1430 3216 1598 3253 Prisonum,
1614 3213 1778 3249 Bonorum,
1797 3210 1830 3240 &
1850 3208 2114 3239 Mercimoniorurn
2134 3218 2392 3247 quorumcumque,

1323 3266 1421 3288 contra
1440 3254 1630 3286 Conditiones
1648 3250 1830 3288 Treugarum
1853 3247 2072 3286 praedidiarum,
2097 3246 2252 3285 aliqualiter
2278 3247 2404 3288 Attemffi

1343 3304 1398 3326 tata

1322 3306 1342 3335 p
1360 3317 1417 3365 Ad'
1427 3331 1587 3363 instantiam
1609 3328 1687 3367 super
1708 3328 1761 3358 hiis
1780 3325 2011 3366 Qerelantium,
2043 3323 2230 3362 reparandum
2249 3324 2283 3355 &
2305 3323 2394 3354 refor-

1325 3372 1484 3410 mandum,
1501 3380 1534 3400 ac
1551 3371 1580 3399 in
1597 3368 1699 3398 statum
1714 3365 1841 3397 debitum
1857 3364 1961 3395 realiter
1977 3363 2010 3394 &
2022 3362 2058 3392 de
2073 3362 2151 3393 faeno
2166 3361 2345 3402 ponendum,
2358 3364 2393 3394 ὃς

1323 3412 1358 3442 ad
1382 3412 1492 3449 plenam
1511 3408 1656 3447 Justitiatn
1676 3405 1742 3436 inde
1763 3404 1838 3442 illis,
1857 3411 1976 3441 quorum
1990 3400 2121 3439 interest,
2135 3401 2166 3431 in
2187 3400 2241 3437 hac
2256 3409 2334 3439 parte
2352 3400 2394 3432 fa-

1325 3451 1461 3482 ciendum

1364 3471 1544 3520 Dumta'men
1567 3483 1707 3522 Deputati
1730 3481 1765 3513 ad
1787 3480 1865 3518 hoc,
1879 3488 1930 3517 per
1945 3477 2059 3509 Partem
2074 3476 2235 3516 advertam,
2250 3476 2394 3508 Gentibus

1327 3528 1434 3597 nostrii-isi
1443 3525 1568 3564 ejusdem
1584 3520 1727 3560 Ducaffis,
1746 3520 1781 3551 &
1799 3516 2013 3549 Adhaerentibus
2027 3515 2088 3554 suis,
2104 3517 2169 3548 vice
2184 3515 2272 3553 versa,
2289 3515 2393 3546 faciant

1327 3568 1375 3598 ilu
1408 3567 1416 3595 i
1438 3574 1485 3594 ern

1367 3605 1477 3640 Vobis,
1494 3587 1528 3633 {Sc
1547 3600 1657 3631 duobus
1676 3594 1801 3628 vestrsim
1825 3595 1960 3634 (quorum
1994 3603 2064 3631 vos,
2091 3593 2205 3631 praesate
2224 3589 2397 3629 Senescalle‚

1330 3644 1447 3675 alterum
1463 3640 1518 3671 esse
1533 3636 1674 3673 volumus)
1695 3635 1816 3673 plenam,
1836 3641 1934 3665 tenore
1948 3632 2139 3671 praesentium,
2155 3631 2254 3661 damus
2265 3629 2299 3660 &
2311 3638 2396 3659 com-

1331 3683 1469 3713 mittimus
1485 3676 1673 3713 Potestatem3

1371 3721 1478 3750 Rarum
1499 3717 1532 3747 &
1551 3715 1669 3745 firmum
1686 3710 1807 3742 habituri
1822 3707 1956 3748 quicquid
1973 3717 2023 3746 per
2039 3719 2058 3739 v
2116 3705 2161 3737 vel
2177 3704 2252 3740 duos,
2268 3703 2397 3737 vestrfirn

1335 3761 1469 3797 (quorum
1492 3765 1544 3785 vos
1567 3751 1693 3790 (praefate
1716 3747 1880 3784 Senescalle)
1908 3746 2024 3777 alterum
2046 3756 2063 3776 e
2086 3754 2102 3775 e
2122 3742 2265 3780 volumus)
2285 3743 2398 3775 Adi-um

1335 3798 1381 3828 vel
1395 3795 1518 3826 Gestum
1530 3792 1610 3822 fuerit
1625 3792 1654 3820 in
1669 3787 1833 3827 praemiffis,
1850 3786 1883 3816 &
1900 3784 2025 3823 quolibet
2039 3781 2257 3821 praemifforum.

1374 3837 1452 3873 Quae
1466 3832 1500 3863 ad
1517 3828 1711 3861 universorum
1724 3826 1855 3857 notitiam
1873 3823 1975 3854 deduci
1989 3821 2120 3853 volumus
2133 3829 2185 3858 per
2205 3820 2362 3858 praesentes.

1373 3870 1648 3943 InDkziiilsi’nssIc’ilatio
1659 3904 1753 3944 Regis
1768 3901 1842 3941 apud
1855 3900 1982 3933 Westm.
1997 3897 2082 3930 tertio
2096 3895 2143 3928 die
2164 3895 2347 3930 Decembris.

2396 305 2466 331 Ἐάν.
2485 312 2513 339 3.
2555 310 2561 332 ἶ
