2561 4251
12 217 88 248 Ann.
107 217 144 249 D.

33 256 119 296 1348.

12 296 78 326 Ἐάν.
100 305 126 334 3.

27 2030 94 2061 Ann
110 2025 151 2057 D.

48 2066 133 2109 1348·

25 2113 78 2136 An.
89 2116 134 2135 22..

25 2150 56 2174 E.
82 2157 108 2183 3.

65 2188 131 2216 thid.

25 2276 160 2311 'V.643.

164 146 220 185 40

162 218 264 248 Filiam
278 216 402 248 nostram
416 214 632 256 ,dilectissimam
648 213 857 252 contrahendo,
871 223 923 251 pro
938 213 1016 243 bono
1033 211 1116 255 Pacis
1130 219 1226 252 perpe-

161 265 217 287 tuae
236 255 269 287 &
288 256 416 287 Unionis
438 253 629 285 indissolubilis
651 256 720 284 inter
743 252 857 282 Domos
880 250 986 281 nostras
1007 249 1112 286 Regias
1126 251 1228 280 conro-

161 294 258 326 vendo
267 317 276 333 ,
297 295 412 325 tandem
427 292 571 334 praefatam
587 292 685 322 Filiam
698 290 822 321 nostram
837 288 999 326 Burdegalis
1013 287 1227 325 transmisimus,

165 333 276 364 ulterius
290 332 324 362 ad
339 341 425 370 partes
439 331 540 362 vestras
553 330 688 368 Ispanriiae
700 327 916 359 traducendam:
1065 365 1070 370 .

204 370 240 401 Et
260 371 341 409 licet,
356 372 430 408 juxta
448 380 479 400 m
494 392 504 407 ,
528 379 591 407 quae
609 370 680 398 inter
698 365 947 397 Procuratores&
968 363 1105 395 Nuncios
1125 361 1230 394 vestros

166 409 201 440 ὃ(
217 408 342 446 nostros,
360 408 439 445 super
456 407 613 446 hujusmodi
630 405 844 442 Traduffione‚
863 404 896 434 &
911 402 1064 440 Pecuniae,
1085 402 1171 432 Dotis
1185 400 1230 429 seu

166 447 297 478 Dotalitii
313 445 605 485 nomine,solutione,
622 442 773 474 noviffime
787 442 918 480 metata,
939 440 1086 478 consensa,
1109 440 1142 470 &
1159 448 1231 469 con-

165 486 280 516 cordata
295 485 421 522 suerant,
438 485 536 515 omnia
553 484 586 514 &
604 481 722 523 singula,
738 490 801 523 quae
821 490 868 517 per
887 490 939 510 nos
955 481 984 509 in
1001 479 1173 520 Termini-s,
1196 475 1230 505 ad

167 525 227 554 hoc
245 523 364 561 statutis,
378 522 438 553 fieri
457 523 680 558 debebant,non
698 522 754 549 ime
772 518 876 555 mistura
893 519 989 558 gravi,
1001 519 1035 549 ὃς
1055 515 1160 547 AEraru
1176 523 1230 544 no-

165 561 213 593 stri
232 563 424 592 extenuatione
438 570 497 591 non
518 558 653 598 modicfi,
672 555 856 597 parassemus,

201 598 295 629 Ecce!
313 601 427 635 tamen(
437 597 511 637 quod
529 607 597 628 cum
617 595 721 626 intensa
741 595 832 626 cordis
849 593 1034 626 amaritudine
1048 592 1173 635 dolenter
1188 600 1231 634 re-

167 638 300 673 ferimus)
315 638 398 668 Mors
414 637 519 667 funesta
545 636 626 673 (quae
641 634 709 665 sicut
723 634 846 671 Senem,
862 633 898 664 sic
912 633 1050 671 Juvenem
1070 632 1233 667 intercipit,

166 677 200 707 ὅτ.
217 677 325 707 nemini
343 677 444 714 parcit,
459 675 550 704 donec
568 673 677 703 insimul
697 673 730 703 &
745 674 773 702 in
790 681 879 702 unum
894 671 1064 702 conveniant
1086 668 1177 712 Dives
1192 676 1234 698 at-

188 726 221 745 ue
246 715 369 752 Pauper)
386 713 556 745 carissimam
570 712 669 742 Filiam
685 710 827 749 nostram(
838 719 1003 752 quam,prae
1018 706 1231 751 caeteris,Con-

164 725 320 783 ditionibus
335 752 385 782 suis
399 751 588 782 celeberrimis
603 750 631 780 id
649 749 825 788 poscentibus
841 771 851 786 ,
880 748 1018 778 sinceriter
1033 746 1197 782 dileximus)
1218 755 1234 775 a

167 793 250 822 nobis
269 792 368 829 pariter
385 791 418 821 ὃ(
436 801 452 820 a
470 790 552 819 vobis
568 788 782 818 lamentabiliter
796 787 856 825 jam
875 787 1024 824 subtraxit,
1120 823 1125 828 ¹
1190 822 1214 829 Η

206 829 263 859 Pro
283 829 380 867 quo,si
395 828 544 868 pungentis
554 826 692 857 Moeroris
709 825 807 856 aculeo
818 825 973 856 secundum
989 833 1104 855 carnem
1117 830 1231 852 interius

170 866 387 906 perfundamur,
403 877 489 897 nemo
511 866 634 896 mortalis
648 865 749 903 poterit
764 864 903 894 admirari.
1198 900 1203 905 1

210 905 258 936 Set
277 906 358 943 Nos,
382 907 429 943 qui
451 906 480 934 in
495 904 562 934 Deo
578 904 718 942 posuimus
732 900 815 932 fidem
837 900 960 931 nostram
975 923 985 938 ,
1015 900 1047 931 &
1072 901 1143 930 inter
1159 908 1236 936 cuius

171 954 268 974 manus
287 945 402 982 saepius,
422 944 451 973 in
469 943 557 973 arduis
574 939 899 982 periculis,concluserat
913 937 1236 983 Vitam-nostramffira-

170 983 221 1013 tias
237 982 287 1012 fibi
306 982 445 1012 reddimus
465 981 544 1019 quod
564 990 650 1011 uriam
667 980 702 1010 de
722 980 821 1009 nostris
839 1001 849 1016 ,
881 978 916 1008 ab
939 986 1023 1007 omni
1042 976 1150 1006 macula
1168 976 1237 1006 libe-

173 1031 252 1059 ram,
265 1031 351 1061 quam
369 1021 406 1051 sic
423 1023 493 1058 pure
509 1020 656 1050 dileximus
670 1041 680 1057 ,
708 1017 742 1048 ad
768 1016 868 1048 Coelos
884 1015 1017 1059 praemisit
1035 1016 1108 1044 inter
1126 1014 1238 1058 Choros

173 1059 328 1096 Virginum
344 1068 542 1097 regnaturam,
563 1068 626 1097 quae
641 1067 692 1096 pro
714 1055 811 1086 nostris
830 1055 946 1085 reatibus
963 1053 1030 1085 velit
1045 1054 1077 1084 &
1092 1052 1180 1084 valeat
1195 1062 1239 1082 in-

173 1097 315 1129 tercedere
327 1108 410 1135 penes
431 1107 505 1127 eum.

217 1136 417 1176 Qamobrem
433 1134 596 1166 Celsitudini
609 1133 707 1166 vestrae
720 1132 824 1170 Regiae
840 1130 995 1172 quaesumus
1014 1129 1180 1161 inceffiinter
1194 1137 1240 1168 ut,

211 1174 254 1205 Ex
272 1185 330 1212 quo
346 1185 394 1213 per
415 1184 467 1204 nos
482 1184 540 1204 non
554 1173 604 1203 stat
618 1183 675 1211 quo
691 1173 782 1202 minus
795 1170 984 1208 compleatur,
998 1170 1105 1200 ratione
1118 1170 1176 1199 tam
1193 1178 1240 1198 ce-

172 1213 254 1243 lebris
276 1213 473 1252 Matrimonii,
488 1212 663 1248 Alligationis
676 1209 822 1241 vinculum
837 1209 1039 1248 praelocutum,
1060 1207 1098 1237 set
1113 1215 1242 1245 propter-

177 1260 343 1319 eaffpraeter
362 1251 461 1281 duram
484 1249 674 1281 Amiffionem
688 1249 710 1279 F
712 1249 765 1279 ilice
778 1246 880 1277 nostrae
890 1270 899 1286 ,
913 1246 1046 1284 Sumptus
1061 1245 1181 1276 fecimus
1195 1254 1242 1276 ex-

174 1294 220 1322 cel
236 1301 294 1319 ivos

214 1329 261 1359 Ad
280 1313 342 1358 hiec
361 1327 457 1357 vestroe
475 1327 557 1365 justae
573 1325 798 1356 considerationis
808 1323 906 1354 oculos
919 1322 1087 1361 dirigentes,

214 1367 318 1397 Saltem
337 1367 405 1396 inter
424 1365 540 1396 Domos
557 1363 662 1394 nostras
679 1364 784 1402 regias,
803 1372 867 1400 quae
881 1363 942 1400 jure
957 1361 1107 1399 Sanguinis
1121 1361 1241 1399 conjun-

197 1414 277 1434 untur
287 1428 295 1442 ,
314 1404 457 1434 Amicitiae
473 1405 505 1434 Sc
521 1413 596 1434 verae
610 1402 767 1433 dileffionis
782 1401 892 1439 antiqua
915 1400 1034 1431 Foedera
1056 1408 1241 1437 renoventur,

175 1413 209 1474 Ξ(
231 1444 408 1479 Alligationis
427 1442 593 1479 vinculum,
611 1441 688 1479 quod
702 1441 773 1470 inter
785 1439 981 1476 progenitores
998 1438 1188 1482 nostros,pro
1203 1438 1242 1467 eis

177 1482 210 1512 &
227 1482 278 1512 suis
294 1481 412 1511 Posteris
429 1482 531 1512 Literis
547 1480 648 1510 Aureis
670 1478 815 1517 prudenter
837 1479 924 1508 fuerat
939 1476 1155 1514 confirmatum,
1170 1485 1250 1506 interv

178 1519 262 1558 Nos,
283 1520 364 1550 simili
384 1518 505 1551 Generis
525 1517 687 1549 fortitudine
705 1517 849 1556 colligatos
864 1539 874 1555 ,
905 1516 1005 1555 majori
1023 1515 1110 1556 gratia
1127 1515 1243 1546 robore-

176 1566 288 1627 tmsnter
305 1597 409 1627 etenim
428 1595 572 1626 Terrenos
589 1593 753 1633 Principes,
777 1601 890 1631 propter
908 1591 1023 1623 Famam
1043 1591 1126 1623 vestri
1148 1593 1244 1622 nomi-

173 1636 219 1666 nis
241 1634 435 1672 clarissimam,
453 1633 547 1665 vestris
565 1634 694 1671 cupimus
712 1632 848 1663 desideriis
863 1630 995 1662 inclinare
1009 1654 1020 1670 ,
1042 1632 1076 1662 &
1101 1632 1130 1661 in
1149 1630 1245 1661 vestris

179 1673 357 1704 profectibus
377 1674 387 1711 (
397 1683 466 1711 quos
482 1672 561 1702 Deus
578 1671 684 1709 semper
701 1670 872 1708 amplificet)
893 1669 1024 1701 delectari
1039 1681 1049 1708 3
1068 1670 1245 1701 rescribentes

180 1712 261 1779 noEis
285 1713 314 1741 iri
331 1712 401 1750 hiis,
420 1712 453 1742 &
473 1711 599 1748 caeteris,
617 1720 681 1749 quae
698 1711 782 1741 vobis
800 1709 950 1747 placuerint
966 1730 975 1747 ,
992 1708 1155 1739 fiducialiter
1178 1716 1246 1739 vota

179 1761 284 1819 vedast:
304 1789 331 1818 in
351 1787 457 1819 Palatio
480 1786 569 1826 Regis
590 1786 718 1818 NVestm.
732 1786 848 1817 decimo
864 1785 963 1824 quinto
978 1784 1023 1816 die
1046 1784 1228 1823 Septembris.

255 1912 259 1914 ῃ
297 1938 356 1973 Ad
376 1937 489 1971 dmum
505 1938 762 1985 Primogenitum,
793 1946 865 1983 uper
874 1934 1001 1982 praefata
1019 1937 1137 1969 Morte.

179 2024 360 2095 INFANS
389 2030 773 2062 PRAECLARISSIME,

213 2102 396 2134 Serenitatem
410 2103 530 2133 vestram
546 2101 626 2132 latere
642 2111 701 2131 non
716 2099 856 2130 credimus
871 2099 1000 2138 qualiter,
1015 2097 1079 2137 post
1094 2098 1245 2137 multipha-

177 2142 233 2172 rios
263 2141 427 2179 Traftatus,
443 2143 529 2178 inter,
550 2138 741 2177 Magnificum
759 2138 938 2176 Principem,
956 2138 1073 2175 Regem
1092 2137 1243 2176 Castellae,

182 2179 394 2219 Progenitorem
413 2179 535 2210 vestrum
546 2201 555 2217 ‚
572 2189 605 2209 ac
621 2177 817 2208 Procuratores
831 2177 865 2207 δε
881 2176 1017 2207 Nuncios
1031 2175 1243 2215 nostros,super

182 2217 371 2249 Matrimonio
383 2241 391 2255 ,
406 2219 476 2248 inter
495 2227 545 2247 vos
559 2218 592 2247 &
604 2217 765 2254 Johannam
787 2215 885 2245 Filiam
902 2214 1024 2245 nostram
1039 2215 1245 2246 dilectiffiniam

182 2257 395 2293 contrahendo,
406 2256 576 2294 temporibus
593 2253 750 2285 successivis
769 2254 787 2272 ³¹¹
806 2254 931 2291 habitos,
952 2254 1083 2292 tandem,
1102 2253 1188 2284 fidem
1202 2253 1245 2284 su-

180 2306 230 2334 per
249 2295 286 2325 sic
305 2295 446 2325 Tracffiatis
462 2295 565 2325 servare
582 2295 740 2331 cupientes,
754 2292 895 2330 praefatam
919 2292 1017 2322 Filiam
1037 2291 1161 2322 nostram
1177 2292 1247 2322 Bur-

180 2334 282 2373 degalis
298 2333 429 2364 duximus
441 2332 680 2363 transmittendam
694 2353 704 2369 ,
726 2331 838 2361 ulterius
854 2330 887 2360 ad
904 2339 991 2368 partes
1011 2329 1144 2368 Ispanniae
1160 2353 1170 2369 ,
1194 2330 1247 2361 sta-

180 2372 285 2405 tuendo
311 2382 358 2411 per
374 2372 501 2402 *eundern
523 2370 737 2410 progenitorem
765 2369 888 2400 vestrum
910 2369 1053 2399 Termino
1066 2392 1076 2407 ,
1100 2368 1247 2400 traducen-

179 2412 255 2443 dam.

217 2449 490 2487 Subsequenterque,
502 2448 579 2486 juirta
603 2456 634 2476 ea
647 2469 657 2485 ,
681 2456 744 2486 quae
763 2447 834 2476 inter
853 2444 962 2477 nostros
979 2446 1012 2477 &
1032 2445 1179 2477 Genitoris
1197 2456 1248 2476 ve-

182 2487 229 2518 stri
249 2487 444 2517 Procuratores
457 2487 490 2517 &
504 2486 638 2516 Nuncios
655 2484 806 2515 novissime
824 2484 938 2515 tractata
955 2485 988 2515 &
1002 2484 1171 2515 concordata
1186 2486 1246 2515 fue—

181 2535 242 2556 rant
252 2549 261 2564 ,
274 2526 392 2556 eandem
408 2525 430 2555 F
432 2526 507 2554 iliam
526 2523 745 2561 nostram,citra
766 2522 881 2553 Festum
897 2522 1041 2553 Omnium
1054 2523 1238 2562 Sanftorum,

182 2565 254 2602 apud
274 2564 406 2594 Baionam
423 2586 432 2601 ,
455 2573 523 2593 cum
543 2562 700 2593 Venerabili
723 2560 870 2592 Comitiva
908 2570 989 2599 prout
1009 2561 1122 2600 decuit,
1136 2562 1244 2592 ibidem

181 2613 230 2641 per
246 2602 357 2633 Gentes
370 2601 469 2631 vestras
484 2600 691 2642 recipiendam,
706 2600 854 2637 vestroque
876 2584 999 2630 Maritali
1015 2598 1167 2631 Consortio
1179 2610 1245 2639 pro-

182 2643 256 2671 tinus
270 2640 454 2678 copulandam
464 2663 472 2674 .,
489 2639 654 2669 mittendam
675 2642 734 2668 iore
746 2637 941 2676 decrevimus,

223 2679 260 2710 Et
278 2689 324 2716 ea,
340 2689 404 2716 quie
420 2678 503 2708 Dotis
517 2678 562 2708 seu
577 2677 705 2707 Dotalitii
721 2678 837 2707 nomine
853 2686 904 2713 pro
918 2687 955 2707 eo
976 2675 1044 2707 solvi
1059 2699 1069 2714 ,
1095 2686 1128 2708 ac
1144 2679 1243 2708 omnia

181 2718 233 2747 alia
255 2719 288 2748 &
310 2716 431 2754 singula,
446 2727 508 2754 quae
525 2726 569 2754 per
584 2726 634 2745 nos
650 2716 677 2744 iri
702 2715 754 2744 hac
772 2723 844 2752 parte
858 2714 916 2745 fieri
937 2715 1091 2753 debebant,
1113 2726 1172 2745 non
1189 2716 1244 2747 sine

182 2758 262 2793 gravi
273 2755 380 2793 jaesum
390 2778 399 2792 ,
419 2756 452 2785 &
476 2754 581 2784 AErarii
595 2753 680 2784 nostri
695 2753 878 2784 defalcatione
891 2753 1056 2792 multiplici,
1070 2755 1158 2791 parari
1172 2754 1244 2786 feci-

186 2805 249 2824 mus
260 2794 457 2824 habundanter.

221 2832 380 2869 Caeteriim,
400 2832 470 2861 dum
485 2841 554 2869 nos,
569 2828 720 2860 affectione
736 2829 863 2867 paterna,
885 2829 918 2861 ad
934 2838 1066 2861 mutuum
1087 2830 1173 2861 nostri
1191 2830 1246 2861 So-

182 2872 296 2909 larium,
310 2871 408 2901 Filium
423 2869 547 2900 habuisse
569 2870 727 2906 putavimus
748 2869 942 2907 Adoptivum,
963 2868 1045 2898 ecce!
1065 2869 1161 2906 (quod
1176 2879 1245 2899 cum

183 2909 358 2946 singultuosis
387 2907 511 2946 Suspiriis
531 2909 563 2938 δε
584 2917 677 2937 amaro
698 2907 783 2937 corde
804 2907 931 2938 dolenter
953 2906 1117 2945 referimus)
1141 2907 1244 2947 Mors,

182 2948 312 2980 terribilis
335 2946 406 2984 apud
420 2957 520 2976 omnes
536 2946 629 2983 Reges
644 2945 760 2984 Terrae,

220 2987 298 3025 Qae
320 2984 474 3022 Pauperem
488 2986 520 3015 δε
532 2984 702 3021 Potentem,
713 2983 854 3021 juvenem
869 2983 902 3014 δε
918 2983 1066 3022 Virginem
1082 2983 1244 3023 Latiarem,

183 3035 252 3055 cum
265 3023 402 3092 {gorgiine
420 3024 510 3061 Sene,
520 3023 575 3052 sine
592 3022 715 3061 personae
726 3022 771 3053 seu
787 3022 926 3053 Potentiae
939 3022 1067 3061 deled'm,
1081 3021 1245 3054 indifferen-

185 3072 227 3094 ter
250 3073 265 3092 a
296 3072 328 3092 or
349 3071 376 3092 et

222 3084 394 3139 Adoptioni’s
408 3098 569 3137 hujusmodi
587 3099 732 3137 Vinculo,
746 3099 809 3129 diro
824 3098 1066 3136 Emancipationis
1086 3098 1192 3138 modo,
1211 3100 1245 3131 &

184 3139 334 3171 maestuoso
350 3137 476 3175 Repudii
492 3138 743 3175 genere,dirupto,
759 3138 903 3175 praefatam
921 3137 1020 3168 Filiam
1034 3136 1172 3174 nostram,

222 3178 255 3207 ln
274 3187 359 3216 quam
381 3176 500 3207 Naturae
518 3175 610 3206 Dotes
629 3176 764 3206 universae
785 3176 976 3206 confluxerant
992 3198 1001 3213 ,
1031 3185 1117 3214 quam
1140 3177 1245 3214 etiam,

183 3215 309 3247 Morum
323 3215 433 3246 suorum
446 3214 591 3252 Elegantia
609 3214 740 3251 poscente
756 3237 766 3252 ,
794 3224 851 3252 prae
873 3215 978 3244 caeteris
992 3236 1002 3252 ,
1023 3214 1130 3244 sincere
1145 3214 1246 3244 dilexi-

184 3263 248 3285 mus

223 3279 362 3323 A'vestris
380 3291 487 3328 speratis
505 3289 689 3328 Amplexibus
707 3290 739 3321 &c
757 3301 772 3321 a
790 3291 888 3329 nobis,
910 3291 1021 3321 turbato
1043 3289 1178 3321 fatalitatis
1201 3300 1248 3321 or-

183 3330 269 3367 dine,
278 3332 336 3368 jam
351 3330 496 3367 subduxit,

226 3369 293 3406 Q'a'
310 3370 344 3399 de
361 3368 458 3406 causa,
476 3369 495 3398 si
514 3367 631 3398 Doloris
649 3366 745 3397 intensi
762 3376 920 3404 pungamur
932 3367 1053 3405 aculeis,
1066 3366 1155 3398 nullus
1169 3376 1249 3397 mor-

187 3406 287 3438 talium
306 3409 404 3444 poterit
415 3407 554 3437 admirari.

226 3444 428 3482 Veriim,licet
442 3445 476 3475 ad
495 3443 653 3483 hujusmodi
671 3443 804 3474 Gemitus
822 3443 854 3472 δε
874 3442 1019 3473 Moerores
1038 3443 1144 3480 pietatis
1159 3442 1250 3474 visce-

189 3492 217 3513 ra
238 3493 289 3512 nos
309 3483 437 3512 inducant
451 3507 460 3520 ,
485 3483 552 3513 Deo
571 3491 665 3513 tamen
683 3483 747 3519 (qui
768 3481 853 3518 ipsam
872 3482 954 3511 nobis
971 3481 1049 3511 dedit
1067 3482 1100 3511 &
1118 3481 1247 3518 abstulit)

187 3522 286 3559 gratias
305 3519 406 3549 devote
427 3521 571 3552 referimus
595 3519 673 3558 quod
692 3520 781 3557 Eam,
806 3529 902 3556 puram
922 3520 955 3549 ὃς
973 3519 1200 3557 immaculatam,
1218 3520 1249 3549 in

190 3560 268 3589 annis
283 3558 457 3589 Innocenti-,e
475 3559 544 3597 suae,
562 3569 576 3588 a
596 3558 718 3588 Miseriis
735 3559 813 3595 liujus
834 3557 939 3587 Mundi
957 3557 1060 3587 fallacis
1074 3557 1249 3596 eripiens,ad

192 3595 293 3627 Coelos
308 3605 409 3626 vocare
427 3595 553 3632 dignatus
577 3596 641 3634 est,
661 3597 710 3626 ubi
723 3620 732 3634 ,
759 3595 870 3634 Sponso
894 3594 1013 3625 Coelesti
1032 3597 1200 3633 conjuncta,
1221 3596 1250 3625 in

192 3633 292 3664 Choro
305 3634 459 3671 Virginum
480 3637 613 3671 perpetuo
636 3644 794 3674 regnatura,
814 3644 866 3673 pro
885 3633 984 3664 Nobis
1003 3633 1177 3664 intercedere
1196 3644 1246 3665 va-

190 3672 241 3702 leat
263 3671 435 3702 incessanter.

231 3709 357 3740 Vestram
372 3711 458 3747 igitur
476 3708 675 3740 Celsitudinem
696 3720 828 3746 rogamus
844 3711 948 3740 attente
968 3718 1119 3748 quatenus,
1131 3709 1160 3738 in
1179 3718 1251 3739 con-

192 3747 360 3778 siderationis
379 3748 478 3778 vestrae
496 3747 597 3778 scrinio
614 3748 785 3778 revolventes
803 3749 882 3786 quod
895 3749 977 3778 nobis
989 3748 1115 3786 impingi
1127 3757 1186 3777 non
1200 3757 1251 3785 po-

191 3787 253 3816 terit
275 3785 423 3824 quominus
444 3785 663 3816 Matrimonium
685 3786 841 3823 hujusmodi
858 3787 1049 3826 compleretur
1062 3810 1071 3825 ,
1101 3785 1251 3824 quodque,

192 3832 293 3863 praeter
310 3823 406 3853 duram
426 3823 612 3854 Amiffionem
635 3822 716 3852 Filiae
734 3824 850 3861 nostrae,
865 3825 989 3863 sumptus
1002 3825 1123 3856 fecimus
1136 3823 1252 3854 excessi-

193 3872 263 3899 vos,
279 3861 373 3891 saltem
392 3871 459 3898 erga
481 3860 673 3897 Magnificum
693 3860 808 3897 Regem
827 3862 1044 3899 progenitorem
1066 3862 1188 3893 vestrum
1206 3862 1250 3891 in-

195 3899 264 3929 stare
286 3898 373 3928 velitis
392 3898 522 3929 Consiliis
537 3900 570 3930 &
589 3899 705 3930 Auxiliis
727 3901 872 3935 oportunis
885 3922 893 3937 ,
913 3910 942 3930 ut
964 3902 1038 3932 inter
1057 3900 1173 3931 Domos
1196 3909 1249 3929 no-

193 3937 258 3967 stras
276 3937 381 3973 Regias
395 3959 405 3974 ,
428 3938 578 3967 inveterato
601 3937 747 3974 Sanguinis
764 3938 797 3967 &
818 3938 968 3969 Affinitatis
983 3940 1050 3977 Jure
1068 3938 1248 3977 conjunctas,

193 3975 339 4006 Amicitiae
364 3983 470 4006 mutuae
487 3976 521 4005 &
538 3975 663 4005 Unionis
681 3974 833 4004 individuae
858 3975 972 4006 Foedera
989 3986 1159 4007 renoventur

190 4012 371 4057 Alligationis
391 4012 562 4051 Vinculum,
582 4013 658 4052 quod
676 4014 748 4045 inter
766 4011 963 4052 progenitores
982 4014 1043 4046 suos
1063 4016 1097 4047 &
1122 3999 1249 4053 nostros,

613 122 1416 171 CONVENTIONES,

1474 121 1864 169 LITERAE‚

1269 218 1320 246 pro
1340 207 1381 250 se,
1401 207 1434 238 &
1450 206 1572 237 Posteris
1590 207 1660 246 suis,
1683 217 1717 238 ac
1735 205 1854 244 nostris,
1878 204 1976 235 Literis
1992 203 2090 236 Aureis
2109 204 2230 243 provide
2246 202 2341 236 Valla-

1269 255 1331 277 tum
1347 249 1451 283 ruerat,
1464 246 1534 275 inter
1550 256 1621 284 nos,
1635 246 1787 282 consimilis
1800 243 1921 274 Generis
1936 243 2062 275 funiculo
2077 244 2221 282 religatos,
2232 244 2339 275 recenti
2356 233 2433 265 Ann-
2449 232 2492 265 D·

1271 284 1434 315 munimine
1447 283 1636 314 confirmetur.

2382 273 2470 312 1348.

1308 321 1458 351 Desideriis
1476 323 1553 352 enim
1569 321 1716 353 Genitoris
1728 321 1896 359 vestri,prae
1909 321 2013 350 caeteris
2028 319 2135 351 Mundi
2148 320 2338 358 Principibus,
2359 313 2429 341 Edv·
2447 319 2475 350 3·

1270 368 1384 399 propter
1401 359 1543 390 celebrem
1561 360 1600 390 sui
1613 361 1738 391 nominis
1749 360 1852 390 famam
1874 359 1921 396 (in
1935 359 2013 396 cujus
2027 367 2180 398 augmento
2196 359 2337 396 gloriam)

1270 407 1388 429 annuere
1401 399 1530 435 cupimus
1544 407 1626 436 atque
1638 397 1742 428 vestris.

1308 435 1474 466 Rescribatis
1493 437 1576 475 igitur
1590 436 1686 467 Nobis
1702 435 1863 466 fiducialiter
1881 442 1948 465 vota
1964 433 2054 465 vestra
2068 436 2097 464 in
2112 434 2163 465 hiis
2178 459 2189 473 ,
2213 435 2248 467 ὅ(
2263 435 2340 473 aliis,

1269 484 1339 542 qui}
1354 473 1453 542 Vobiss
1462 474 1495 505 &
1513 474 1608 505 vestris
1625 483 1754 513 poterunt
1772 484 1824 512 pro
1843 481 1974 511 tempore
1989 473 2180 511 complacere.

1340 519 1376 543 at.
1392 520 1423 542 ut
1449 521 1525 550 upra.

1445 635 1504 669 Ad
1517 638 1663 683 Reginam
1685 634 1810 679 Castellae
1829 636 1865 670 de
1888 638 1996 670 Morte
2019 635 2179 670 antediffla.

1275 720 1598 792 Sismmssrna
1623 720 1825 759 Domana,

2364 726 2496 759 AnnD.

2386 751 2472 807 134⁸·

1312 797 1517 828 Excellenriam
1534 797 1656 829 vestram
1675 798 1755 829 latere
1771 808 1830 828 non
1849 796 1990 828 credimus
2006 798 2139 842 qualiter,
2157 797 2222 837 post
2241 796 2345 828 multos
2364 809 2421 834 An.
2435 814 2480 835 22,

1275 836 1308 867 &
1324 838 1416 867 varios
1435 837 1599 875 Tradimus,
1619 838 1690 867 inter
1711 835 1863 874 Magnifici
1882 835 1990 874 Regis,
2005 838 2141 880 ⁸conjugis
2167 836 2251 867 vestri
2273 845 2347 874 prae-
2365 848 2395 872 Ε,
2418 853 2430 880 3

1276 874 1434 913 clarissimi,
1453 885 1486 905 ac
1506 874 1614 905 nostros
1633 875 1831 906 Procuratores
1848 875 1882 906 &
1910 874 2046 905 Nuncios
2058 897 2067 910 ,
2092 875 2170 912 super
2193 874 2348 905 Matrimo-

1275 914 1420 952 nio,inter
1437 913 1568 944 inclitum
1585 912 1726 944 Infantem
1753 913 1859 944 Filium
1871 912 1997 944 vestrum
2013 912 2244 949 Primogenitum
2255 913 2290 943 ὅτ.
2302 912 2348 942 di-

1276 951 1453 983 lectiffimam
1471 952 1571 982 Filiam
1595 952 1720 983 nostram
1742 952 1903 990 Johannam
1925 950 2120 981 contrahendo
2134 974 2144 989 ,
2173 950 2349 988 quamplures

1275 989 1403 1028 habitos,
1415 990 1529 1021 tandem
1558 990 1644 1028 ipsam
1659 990 1819 1027 Burdegalis
1831 990 2028 1021 transmifimus
2045 1013 2055 1027 ‚
2079 989 2193 1020 ulterius
2205 988 2240 1019 ad
2260 997 2348 1026 partes

1277 1027 1412 1097 {ispanniae
1431 1029 1460 1059 in
1480 1028 1625 1059 Termino
1649 1051 1659 1068 ,
1692 1028 1837 1060 statuendo
1854 1029 1926 1060 dieti
1942 1027 2032 1067 Regis
2049 1029 2182 1066 arbitriO,
2201 1026 2350 1058 traducen-

1299 1076 1355 1097 arn.

1315 1105 1431 1144 Quam,
1446 1105 1521 1143 juxta
1539 1115 1670 1148 ea,-quae
1688 1115 1737 1144 per
1754 1104 1953 1137 Procuratores
1969 1104 2031 1136 suos
2048 1106 2081 1137 ὃς
2098 1103 2207 1136 nostros
2230 1102 2334 1135 noviss
2335 1122 2349 1128 -

1280 1145 1330 1174 me
1347 1143 1459 1174 tra-&ata
1478 1144 1511 1174 ὅ(
1529 1144 1659 1174 consensa
1676 1145 1785 1175 fuerant
1807 1167 1817 1182 ,
1852 1143 1925 1182 apud
1945 1143 2098 1182 Baionam,
2123 1154 2192 1174 curn
2211 1143 2350 1182 solempni

1281 1181 1449 1220 Comitivfi,
1462 1192 1546 1220 prout
1564 1182 1754 1220 decuit‚citra
1765 1183 1869 1213 instans
1884 1181 1998 1212 Festum
2011 1183 2144 1213 omnium
2158 1182 2330 1213 Sanctorum
2339 1204 2350 1219 ‚

1280 1230 1328 1258 per
1345 1220 1453 1250 Gentes
1472 1220 1572 1250 vestras
1590 1222 1782 1259 recipiendam
1798 1245 1808 1261 ,
1834 1222 1869 1252 ὃς
1893 1220 2009 1258 praefato
2025 1221 2096 1251 Filio
2113 1220 2206 1251 vestro
2223 1220 2350 1252 Maritali

1280 1258 1433 1289 Consortio
1448 1260 1695 1299 conjungendam,
1709 1260 1875 1290 mittendam
1891 1260 1952 1290 fore
1967 1259 2154 1290 decrevimus,

1319 1297 1357 1328 Et
1369 1297 1435 1328 licet
1449 1307 1499 1336 ea,
1514 1308 1594 1336 quae,
1610 1297 1694 1329 Dotis
1708 1299 1741 1329 ὃ(
1757 1298 1887 1329 Dotalitii
1901 1297 2111 1336 nomine,solvi
2121 1297 2241 1336 ,aliaque
2254 1298 2352 1329 omnia

1280 1335 1315 1367 &
1331 1336 1454 1374 singula,
1471 1346 1532 1374 quae
1549 1337 1578 1366 in
1593 1336 1756 1375 Terminis,
1771 1337 1806 1367 ad
1819 1337 1878 1367 hoc
1894 1336 2016 1374 statutis,
2030 1347 2080 1374 per
2097 1346 2148 1366 nos
2162 1337 2190 1366 in
2206 1336 2259 1366 hac
2276 1344 2352 1374 parte

1280 1374 1341 1405 fieri
1356 1374 1514 1413 debebant,
1525 1385 1586 1405 non
1598 1375 1653 1405 sine
1665 1377 1745 1412 gravi
1758 1375 1884 1414 jadiura,
1899 1375 1933 1406 &
1950 1373 2053 1405 AErarii
2072 1375 2160 1405 nostri
2181 1375 2353 1405 extenuatio-

1282 1423 1317 1443 ne
1333 1413 1474 1451 notanda,
1489 1424 1558 1443 cum
1570 1413 1672 1452 gaudio
1692 1414 1874 1452 parassemus,
1895 1415 1915 1433 ⁴¹³
1937 1414 2028 1444 ecce!
2052 1421 2147 1444 tamen
2170 1413 2265 1451 (quod
2281 1422 2352 1444 cum

1282 1453 1407 1521 {parergis
1418 1452 1512 1483 cordis
1540 1452 1726 1484 amaritudine
1753 1452 1911 1491 suspirantes
1931 1452 2056 1483 dolenter
2083 1451 2245 1490 referimus)
2271 1450 2355 1483 Mors

1303 1500 1357 1521 orn
1381 1501 1421 1520 iis

1320 1514 1443 1560 Vivendi
1462 1528 1563 1566 gaudia
1585 1538 1752 1561 convertens
1773 1531 1803 1560 in
1819 1529 1988 1568 Planisum,
2001 1528 2128 1561 Delicias
2143 1530 2173 1560 in
2189 1527 2330 1559 Dolorem
2340 1551 2351 1568 ,

1282 1576 1363 1606 quae,
1379 1568 1487 1598 nemini
1508 1578 1636 1607 parcens,
1652 1569 1754 1608 absque
1768 1567 1873 1607 Sexus,
1886 1568 2009 1606 AEratis,
2025 1568 2070 1599 seu
2087 1567 2224 1599 Potentiae
2239 1567 2352 1599 delectu

1283 1613 1385 1636 cuntos
1394 1628 1400 1637 ‚
1410 1607 1440 1636 in
1455 1616 1540 1637 carne
1553 1606 1702 1646 degentes,
1718 1606 1907 1638 indifferenter
1921 1606 2064 1646 absorbet,

1321 1643 1472 1688 Praefatam
1494 1645 1594 1675 Piliam
1610 1645 1729 1676 vestram
1745 1646 1778 1677 ὃ(
1793 1645 1934 1684 nostram,
1956 1645 2074 1676 Naturae
2089 1645 2184 1675 Donis
2198 1645 2231 1676 ὃς
2245 1643 2354 1675 Gratiis

1286 1682 1406 1713 mirifice
1421 1683 1565 1721 dotatam,
1581 1693 1682 1722 quam,
1700 1685 1870 1723 exigentibus
1889 1684 2103 1714 conditionibus
2124 1683 2175 1714 suis
2196 1683 2355 1722 laudandis,

1284 1729 1343 1789 pr?
1360 1722 1466 1765 caeteris
1481 1721 1631 1760 specialiter
1646 1722 1834 1762 dileximus,a
1847 1723 1931 1754 vobis
1945 1723 1979 1753 ὃς
1992 1723 2090 1762 nobis,
2105 1722 2178 1761 proh
2190 1721 2271 1753 dolor
2282 1721 2288 1752 1
2294 1723 2354 1761 jam

1296 1770 1313 1789 u
1335 1768 1422 1790 traxit.

1325 1797 1400 1837 Qiis
1412 1800 1487 1836 ergo
1510 1799 1669 1830 mortalium
1684 1799 1783 1831 debeat
1801 1799 1949 1839 admirari,
1964 1799 1982 1830 fi
2004 1799 2107 1830 doloris
2125 1797 2224 1829 intensi
2245 1807 2356 1837 punga-

1288 1845 1353 1866 mur
1367 1837 1482 1876 aculeis,
1506 1838 1539 1868 &
1552 1838 1616 1868 diris
1632 1837 1783 1869 Moestitiae
1798 1838 1957 1869 vulneribus
1977 1839 2090 1869 internis
2111 1837 2321 1875 perfodiamur?

1327 1874 1380 1914 Et,
1396 1875 1461 1906 licet
1475 1886 1526 1906 nos
1539 1876 1573 1906 ad
1595 1875 1741 1908 Moerores
1758 1878 1790 1908 ὃς
1813 1876 1948 1907 Gemitus
1969 1876 2126 1916 hujusmodi
2151 1875 2356 1906 continuandos

1288 1912 1324 1943 N
1327 1922 1410 1944 aturae
1426 1913 1487 1944 Lex
1501 1915 1633 1953 inducat,
1649 1914 1767 1946 Christo
1780 1924 1890 1954 tamen,
1911 1915 2020 1954 Sponso
2039 1913 2172 1951 Coeiesti,
2191 1915 2291 1951 gratias
2305 1914 2354 1945 de-

1287 1953 1356 1982 vote
1376 1953 1537 1991 referimus,
1552 1954 1599 1991 qui
1615 1953 1698 1984 talem
1710 1954 1760 1984 fibi
1776 1953 1911 1991 Sponsam
1921 1955 2127 1992 ,innocentem
2141 1953 2174 1984 &
2186 1953 2355 1984 immacula-

1286 1998 1362 2033 tam,
1377 1992 1412 2021 ab
1433 1993 1517 2022 omni
1538 1991 1638 2022 Carnis
1659 1992 1798 2029 Spurcitia
1813 1994 2008 2030 peregrinam,
2021 1993 2081 2030 jam
2099 1992 2148 2029 (ut
2163 1990 2278 2022 firmiter
2293 2001 2355 2022 cre-

1286 2028 1396 2072 dimus)
1413 2031 1442 2060 in
1457 2029 1564 2068 Coeus,
1580 2032 1609 2060 in
1625 2029 1727 2060 Choro
1740 2030 1894 2068 Virginum
1909 2031 2082 2068 perhenniter
2097 2037 2291 2067 regnaturam,
2304 2030 2355 2059 sibi

1287 2069 1449 2136 conjffnxiss
1470 2069 1519 2100 ubi
1539 2079 1591 2108 pro
1605 2068 1706 2100 nostris
1727 2068 1889 2100 Exceffibus
1905 2069 1978 2107 apud
1992 2078 2059 2099 eum
2074 2068 2162 2099 valeat
2183 2068 2355 2099 intercedere

1286 2115 1351 2136 ince
1376 2115 1460 2137 anter.

1325 2144 1454 2176 Vestram
1470 2147 1556 2183 igitur
1575 2145 1776 2177 Celsitudinem
1794 2156 1927 2183 rogamus
1939 2147 2042 2176 attente
2057 2144 2283 2183 quatenus,ciim
2300 2154 2353 2174 no-

1289 2183 1330 2226 bis
1350 2184 1482 2221 imputari
1494 2193 1614 2223 nequeat
1629 2186 1778 2223 quominus
1796 2184 1953 2224 hujusmodi
1972 2184 2082 2215 celebre
2104 2182 2327 2213 Matrimonium
2344 2205 2356 2221 ,

1285 2230 1361 2259 Juxta
1382 2223 1512 2253 desideria
1528 2223 1621 2254 nostra
1636 2232 1731 2254 mutua
1748 2223 1871 2254 sortiatur
1892 2222 2027 2254 effectum
2059 2222 2094 2253 ad
2109 2221 2260 2260 Sumptus,
2283 2230 2354 2259 quos

1289 2260 1437 2291 occasione
1452 2262 1608 2300 praemissa,
1624 2272 1691 2292 cum
1712 2263 1790 2300 gravi
1813 2261 1910 2292 nostro
1929 2262 2024 2300 dispen
2045 2262 2075 2290 io
2097 2282 2107 2298 ,
2133 2269 2232 2297 praeter
2255 2260 2355 2290 duram

1291 2298 1482 2330 Amissionem
1506 2300 1584 2330 Filiae
1606 2300 1710 2331 nostrae
1724 2300 1872 2338 praelibatae
1886 2323 1895 2338 ,
1914 2300 2034 2330 fecimus
2054 2298 2206 2330 excessivos
2219 2321 2229 2337 ,
2258 2298 2357 2329 vestrae

1290 2338 1421 2404 providae
1435 2339 1663 2369 considerationis
1676 2340 1773 2369 oculos
1795 2338 1967 2369 advertentes
1978 2361 1988 2377 ,
2013 2337 2106 2368 saltem
2130 2346 2194 2377 erga
2209 2336 2359 2375 praefaturn

1317 2374 1486 2413 sagnificum
1500 2377 1631 2416 Regem,
1647 2378 1801 2416 conjugem
1814 2376 1952 2414 vestrum,
1967 2375 2067 2407 instare
2083 2375 2173 2407 velitis
2207 2375 2227 2406 fi
2243 2375 2354 2413 placet)

1289 2413 1419 2445 Consiliis
1434 2416 1467 2446 ὃς
1484 2416 1602 2449 Auxiliis
1614 2418 1776 2453 oportunis,
1788 2423 1817 2446 ut
1832 2417 1902 2446 inter
1926 2415 2041 2446 Domos
2062 2414 2167 2445 nostras
2211 2414 2352 2453 egias,in-

1289 2461 1411 2483 veterato
1425 2454 1574 2493 Sanguinis
1588 2455 1621 2485 ὃς
1635 2453 1786 2485 Affinitatis
1801 2454 1863 2492 Jure
1877 2453 2058 2492 conjunffikas,
2082 2452 2225 2483 Amicitiae
2246 2460 2354 2483 mutua:

1288 2491 1321 2521 &
1336 2491 1462 2522 Unionis
1475 2493 1627 2523 individuae
1641 2492 1763 2524 Vincula
1783 2502 1963 2523 renoventur·
1986 2493 2019 2524 ὃ(
2034 2491 2212 2528 Alligationis
2232 2490 2355 2529 Foedus,

1290 2530 1365 2567 quod
1388 2532 1458 2562 inter
1472 2531 1670 2568 progenitores
1683 2531 1760 2570 suos,
1776 2541 1828 2569 pro
1841 2531 1883 2568 se,
1896 2532 1929 2562 &
1944 2515 2063 2560 Posteris
2076 2529 2147 2568 suis,
2167 2539 2201 2560 ac
2223 2528 2354 2566 nostros,

1291 2568 1389 2598 Literis
1405 2569 1502 2600 Aureis
1514 2570 1634 2607 provide
1652 2570 1792 2601 Vallatum
1808 2569 1911 2608 fuerat,
1926 2570 1994 2600 inter
2008 2568 2094 2607 Nos,
2116 2576 2189 2599 nexu
2212 2566 2354 2598 consimili

1288 2606 1432 2646 colligatos
1440 2631 1449 2646 ,
1456 2610 1562 2639 recenti
1583 2608 1604 2639 F
1606 2609 1722 2639 uniculo
1736 2608 1873 2639 solidetur.

1326 2644 1474 2677 Desideriis
1487 2648 1566 2677 enim
1580 2647 1778 2684 praeclarissimi
1799 2646 1927 2685 conjugis
1939 2644 2040 2684 vestri,
2052 2655 2111 2685 prae
2123 2644 2231 2675 caeteris
2244 2642 2352 2674 Mundi

1288 2682 1484 2723 Principibus,
1502 2694 1615 2723 propter
1629 2685 1771 2716 celebrem
1786 2684 1824 2715 sui
1847 2685 1968 2715 nominis
1982 2685 2086 2715 farriam
2105 2685 2155 2721 (in
2169 2684 2247 2722 cujus
2261 2681 2353 2712 odore

1287 2722 1475 2759 delectamur)
1493 2734 1613 2754 annuere
1632 2725 1760 2761 cupimus
1774 2732 1855 2761 atque
1869 2722 1973 2753 vestris.

1288 2799 1307 2830 d
1325 2760 1360 2791 In
1378 2761 1430 2792 hiis
1448 2762 1551 2801 igitur,
1563 2763 1597 2794 ὃς
1611 2763 1686 2801 aliis,
1706 2762 1794 2794 velitis
1812 2763 1894 2793 nobis
1915 2770 1979 2792 vota
1994 2759 2082 2793 vestra
2096 2759 2245 2791 rescribere
2264 2756 2354 2791 confi-

1309 2809 1394 2830 enter.

1326 2837 1385 2869 Dat
1403 2847 1433 2870 ut
1450 2839 1535 2878 supra.

1289 2965 1337 2997 De
1351 2963 1578 2997 vastatoribus
1588 2993 1597 3007 ‚
1614 2977 1650 2998 ex
1663 2976 1751 3011 parte
1767 2967 1896 2997 Franciae
1914 2962 2079 3009 deputatis,
2100 2961 2144 2994 ad
2157 2960 2354 2995 trastandum

1376 3013 1468 3059 fitpcr
1488 3017 1582 3056 Pace,
1594 3015 1692 3059 juxta
1707 3015 1841 3060 Treugas
1856 3023 1948 3058 nuper
1968 3010 2127 3044 Londoniis
2146 3020 2259 3057 captas.

2408 883 2472 911 1b1‘d.

2374 1422 2421 1452 *V
2435 1422 2511 1462 ⁶442
2543 1461 2545 1463 ,

1287 3096 1463 3152 PHilippe,
1478 3107 1527 3135 par
1542 3097 1567 3128 la
1585 3098 1681 3130 Grace
1695 3097 1731 3127 de
1745 3096 1837 3135 Dieu,
1861 3096 1929 3138 Roy
1943 3095 1979 3128 de
2001 3095 2124 3134 France,
2138 3106 2155 3127 a
2169 3104 2238 3127 touz
2261 3094 2354 3135 ceuls,
2370 3093 2448 3126 Ann.
2462 3094 2506 3129 D.

1347 3147 1394 3173 qui
1417 3146 1462 3166 ces
1477 3137 1582 3166 Lettres
1601 3144 1732 3173 verront,
1747 3135 1830 3166 Salut.

1325 3173 1471 3211 Comme,
1487 3183 1566 3205 notre
1580 3185 1643 3205 ame
1657 3177 1689 3206 &
1706 3173 1757 3204 feal
1773 3173 1896 3213 Cousin,

1328 3211 1372 3241 Le
1390 3211 1583 3243 Connestable
1603 3213 1638 3244 de
1662 3213 1782 3249 France,

2392 3134 2477 3173 1348.

2369 3176 2424 3202 An.
2438 3183 2484 3201 22.

2369 3215 2397 3239 E.
2417 3221 2442 3249 3-

1328 3249 1405 3280 Pour
1427 3261 1510 3289 nous,
1524 3260 1582 3281 noz
1597 3250 1811 3288 Bienvueillans,
1820 3250 1966 3281 Adherens
1974 3273 1984 3288 ,
1996 3248 2029 3281 &
2044 3248 2170 3289 Subgiez
2184 3248 2265 3279 d’une
2279 3256 2356 3287 part,
2371 3253 2412 3277 Ex
2433 3249 2504 3287 orig.

2410 3298 2415 3310 .

1326 3287 1363 3318 Et
1385 3288 1411 3318 le
1426 3288 1521 3319 Conte
1536 3289 1571 3319 de
1584 3289 1744 3320 Lenclastre
1752 3312 1762 3327 ,

1291 3325 1415 3403 giezodga
1417 3326 1536 3403 ³1erng
1538 3328 1753 3396 td'Angleterre,
1768 3327 1807 3360 ses
1827 3326 2049 3365 Beinvueillanz,
2062 3324 2264 3364 Adherens,&
2278 3324 2354 3356 Sub-

1328 3402 1413 3433 Aient
1430 3405 1483 3441 pris
1497 3389 1622 3443 Tre’ues,
1636 3414 1674 3435 ou
1689 3403 1897 3442 Abstenances,
1911 3403 1949 3434 de
1962 3403 1999 3434 fix
2020 3402 2162 3433 Semaines
2176 3424 2186 3440 ,
2200 3411 2354 3432 commen-

1289 3450 1354 3471 cans
1366 3440 1391 3471 le
1399 3442 1562 3473 Treszienie
1570 3444 1634 3481 jour
1647 3443 1683 3474 de
1698 3453 1732 3474 ce
1747 3441 1827 3472 Mois
1839 3442 1876 3472 de
1891 3441 2056 3480 Septembre
2065 3451 2097 3479 ,a
2109 3439 2204 3471 l'Eure
2218 3440 2254 3470 de
2268 3440 2355 3471 Soleil

1290 3479 1482 3548 coffihffli‘t'ies
1503 3518 1715 3557 d'Angleterre,
1738 3518 1774 3548 de
1796 3517 1942 3557 Picardie,
1955 3517 1992 3548 de
2005 3515 2353 3555 Normandie,d’Artois,

1289 3554 1325 3585 de
1340 3555 1513 3596 Boulenoys,
1527 3557 1562 3587 de
1577 3558 1719 3594 Flandres,
1734 3557 1767 3587 &
1788 3557 1926 3594 environ,

1326 3593 1363 3623 Et
1379 3594 1445 3624 auffi
1461 3605 1534 3633 que,
1547 3606 1575 3625 es
1588 3595 1692 3625 Parties
1705 3596 1740 3624 de
1754 3595 1778 3623 la
1795 3594 1971 3631 Languedoc
1981 3617 1990 3633 ,
2011 3593 2173 3631 Bretaigne,
2188 3591 2351 3628 Poitou,&

1288 3631 1325 3661 de
1343 3631 1525 3672 Xaintonge,
1540 3633 1644 3673 depuys
1662 3633 1688 3662 le
1704 3632 1826 3671 Mardy,
1847 3642 1924 3669 apres
1946 3633 1971 3663 la
1994 3632 2071 3663 Saint
2084 3631 2214 3662 Mathieu
2230 3629 2353 3666 Apostre

1287 3670 1322 3701 &
1344 3669 1534 3708 Evangelistre
1548 3694 1558 3710 ,
1585 3681 1620 3701 en
1638 3681 1672 3701 ce
1696 3672 1770 3700 mois
1787 3670 1822 3700 de
1840 3670 2006 3708 Septembre
2022 3694 2032 3709 ,
2064 3681 2080 3702 a
2096 3669 2190 3700 l'Eure
2212 3667 2247 3697 de
2269 3666 2354 3697 Soleil

1287 3710 1446 3747 couchant,
1463 3709 1568 3748 jusques
1581 3719 1616 3740 au
1635 3709 1739 3750 Mardy
1758 3731 1768 3747 ,
1802 3718 1879 3746 apres
1897 3709 1922 3740 la
1945 3710 2084 3741 Tousants
2102 3730 2113 3746 ,
2135 3706 2192 3737 ensi
2211 3715 2226 3736 a
2248 3705 2274 3736 la
2295 3705 2354 3736 dite

1290 3746 1405 3814 Hffizez,
1421 3783 1517 3823 Gens,
1533 3784 1694 3824 Adherens,
1709 3786 1743 3816 δε
1763 3785 1904 3824 Subgiez,
1925 3784 2009 3816 &les
2021 3782 2118 3820 Gens,
2136 3780 2281 3811 Adherens
2318 3781 2351 3812 &

1288 3822 1416 3866 Subgiez
1430 3823 1468 3877 du
1485 3823 1525 3854 dit
1543 3822 1611 3864 Roy
1626 3823 1837 3864 d’Angleterre,
1846 3834 1882 3855 ne
1895 3823 1986 3854 feront
1997 3822 2083 3858 Siege
2091 3829 2143 3859 ,ne
2154 3818 2260 3849 Groffe
2274 3803 2354 3850 Che-

1296 3862 1517 3937 vasssliilfig’que,
1538 3899 1659 3937 pendant
1678 3898 1705 3929 le
1717 3907 1808 3937 temps
1827 3898 1876 3930 des
1890 3897 1979 3928 dictes
1998 3895 2122 3934 Treues,
2140 3905 2179 3926 ou
2199 3895 2352 3926 Abstinen-

1289 3946 1353 3974 ces,
1366 3946 1457 3967 aucun
1473 3937 1533 3967 bon
1549 3937 1659 3968 Traitie
1679 3937 1715 3967 de
1734 3937 1802 3968 Paix
1822 3938 1856 3968 &
1878 3936 2018 3966 d'Accort
2035 3933 2062 3964 se
2087 3933 2161 3971 puist
2183 3933 2301 3971 prendre
2317 3934 2353 3965 &

1213 3977 1248 4007 &
1289 3974 1373 4012 faire,
1386 3983 1462 4005 entre
1477 3974 1560 4006 Nous
1580 3976 1614 4006 &
1635 3975 1661 4006 le
1674 3976 1716 4006 dit
1730 3975 1797 4014 Roy
1811 3973 2006 4012 d’Angleterre
2026 3993 2037 4010 ,
2069 3971 2111 4003 sus
2131 3970 2169 4003 les
2191 3971 2303 4004 Discors
2317 3973 2353 4003 &

1292 4012 1417 4045 Guerres
1436 4012 1542 4046 d’entre
1563 4023 1634 4046 nous
1647 4014 1682 4047 &
1693 4014 1757 4055 luy,
2277 4038 2361 4078 No,-
