2561 4251
241 140 298 181 94

93 209 171 241 Ann·
185 207 227 239 D·
249 213 357 245 fecium
379 213 447 244 dieii
467 208 620 241 Trastatfis
641 209 675 240 δε
699 207 859 240 Indenturae
881 207 948 238 inde
961 206 1061 250 factae,
1079 216 1112 237 ac
1129 206 1297 248 recepimus,

117 257 201 289 1394·
248 253 285 282 de
307 252 409 283 eisdem
432 248 680 286 procuratoribus,
706 249 766 278 tarn
785 248 861 278 dieta
885 246 922 275 Vi
942 248 990 289 inti
1011 245 1044 275 &
1061 246 1198 289 Qinque
1214 243 1296 288 Milia

94 291 147 316 Ric.
168 298 194 316 2.
242 291 432 325 Francorum,
451 289 538 325 quam
550 286 731 317 indenturam
746 287 780 317 &
796 286 901 315 Literas
947 284 1103 322 bligatorias
1116 282 1292 327 supradictas,

245 329 325 360 simul
338 337 405 358 cum
417 327 551 356 omnibus
567 324 757 355 Munimentis
771 323 923 354 Materiam
942 323 1016 353 illam
1039 323 1293 358 concernentibus,

283 367 349 397 Nos

279 405 343 443 Jam
356 389 607 441 Recognoscentes
620 402 652 431 ἃ
667 399 846 430 Confitentes
858 398 1026 438 praedic’tum
1044 398 1160 439 Regem
1179 397 1295 428 Navar-

244 455 283 474 ra:
302 442 481 472 Defunctum
494 450 594 471 omnes
607 438 822 469 Conventiones
835 461 845 476 ,
869 437 1068 468 Promiffiones
1083 462 1093 476 ,
1109 439 1142 470 &
1157 437 1295 468 Securita-

244 492 300 519 tes,
339 481 435 517 uibus,
451 481 551 511 virtute
565 477 685 515 ejusdem
703 475 872 515 Tranatfis,
890 477 1052 514 tenebatur,
1069 477 1144 506 bene
1157 477 1190 508 ὅ(
1204 474 1295 505 fideli-

245 529 286 549 ter
304 529 317 547 a
340 519 494 555 implevisse
508 540 516 554 ,
541 517 628 554 ipsum
646 515 758 554 Regem
770 514 926 553 Navarrae,
944 514 1082 545 Haeredes
1093 516 1127 546 δε
1141 513 1294 545 Successo-

243 568 285 588 res
306 558 368 587 suos
382 580 392 594 ,
418 557 475 587 tam
495 556 530 585 de
553 553 693 592 praedietis
707 554 815 590 Viginti
830 554 864 584 &
879 553 1018 592 Qinque
1033 552 1152 583 Milibus
1166 552 1294 583 Franco-

241 605 305 626 rum
315 619 324 634 ,
343 597 430 633 quani
446 594 482 624 de
497 593 663 631 Indentura,
682 592 781 622 Literis
795 592 994 631 obligatoriis,
1012 593 1046 623 ὃς
1058 592 1114 621 aliis
1123 590 1292 621 Munimen-

239 636 274 665 tis
295 634 439 665 antedictis
454 657 463 669 ,
492 642 605 662 necnon
619 631 654 661 de
665 632 799 662 omnibus
810 630 868 661 aliis
880 629 1147 667 Conventionibus,
1163 629 1291 660 Promis-

240 674 361 704 sionibus
380 673 412 702 δε
425 671 639 708 securitatibus,
658 680 690 700 ac
705 669 741 699 de
755 669 979 707 quibuscumque
993 668 1050 698 aliis
1062 667 1164 699 Rebus
1184 668 1218 699 ὅ(
1235 668 1291 699 Ar-

239 712 346 748 ticulis,
365 711 392 739 in
409 709 491 739 dictis
503 710 638 740 Tractatu
660 708 693 738 &
717 707 867 738 Indentura
881 707 1039 745 contentis,
1056 716 1109 744 pro
1123 706 1238 745 Nobis,
1256 708 1290 739 &

238 749 409 781 Haeredibus
432 748 532 778 nostris
545 770 554 786 ,
583 748 705 777 omnino
725 746 929 784 Acquietamus
942 768 951 784 ,
975 746 1008 776 ὃ(
1030 755 1212 776 exoneramus
1234 747 1290 776 irn-

237 786 468 827 perpetuuin,1ta
482 787 560 825 quod
576 784 802 823 N05,Haeredes
817 785 850 815 &
863 781 1040 815 Succeffores
1055 783 1143 814 nostri
1175 783 1210 815 de
1224 794 1289 814 orn-

238 828 320 857 nibus
341 826 510 856 Adrionibus
528 826 561 856 δε
583 823 753 862 Demandis,
773 822 865 853 versus
887 823 976 860 ipsum
999 821 1112 853 Reoem
1169 833 1288 860 avarrx,

236 864 373 896 Haeredes
387 865 420 895 ὃς
433 863 611 894 Successores
623 861 699 900 suos,
717 861 914 892 occasionibus
929 863 1038 900 praemii
1062 871 1090 899 s,
1108 862 1220 900 penitus
1241 870 1289 892 ex-

237 904 305 935 clusi
321 904 404 933 simus
419 901 638 940 Imperpetuum.
961 938 966 942 ¹

276 942 344 972 Dat.
364 943 392 971 in
415 940 523 970 Palatio
544 942 620 977 Regis
635 936 740 979 Westm.
759 937 809 969 sub
822 937 924 978 Magni
938 937 1026 977 Sigilli
1039 937 1128 977 Regis
1141 937 1291 970 Testimo-

238 981 306 1021 nio,
326 982 380 1011 xxi.
399 980 445 1010 die
456 978 587 1018 Januarii.

739 1018 792 1046 Per
805 1019 898 1046 Breve
911 1016 942 1045 de
956 1017 1074 1045 Privato
1085 1014 1184 1053 Sigillo.

560 1143 609 1174 De
626 1139 751 1188 Treugis
765 1137 980 1186 observandis.

85 1235 162 1267 Αῃῃ,
179 1235 217 1266 Β,
237 1228 353 1285 REX
375 1228 536 1265 Omnibus,
554 1227 588 1258 ad
604 1238 692 1266 quos,
711 1227 770 1258 &c.
789 1225 923 1258 Salutem.

104 1283 189 1314 1394,
333 1267 451 1298 Notum
468 1268 551 1297 vobis
565 1267 712 1309 Facimus,
730 1275 780 1304 per
793 1268 955 1309 praesentes,
975 1264 1055 1303 quod
1071 1263 1160 1309 Nos,

83 1319 136 1341 An.
156 1325 194 1349 ,7,
271 1304 320 1336 De
344 1306 462 1344 provida
482 1303 748 1343 Circumspectrone
771 1305 804 1335 &
825 1303 961 1334 Industria
975 1326 986 1341 ,
1001 1303 1212 1334 Venerabilium
1232 1303 1288 1335 Pa-

83 1357 112 1380 R.
135 1362 159 1380 2,
231 1351 325 1383 trum,
344 1344 485 1383 Johanm's
500 1342 616 1382 Episcopi
630 1341 816 1382 Menevenfis‚
834 1343 867 1373 &
882 1344 990 1372 Ricardi
1003 1344 1029 1371 E
1046 1344 1120 1381 iJcopi
1133 1346 1288 1372 coventria

83 1396 150 1419 Scae.
173 1401 211 1424 ¹7-
232 1380 270 1416 ὦ·
291 1382 452 1422 Lichftldiae
467 1407 476 1420 ,
501 1392 533 1412 ac
547 1405 557 1420 ,
576 1381 760 1412 Dilectorum
775 1382 808 1412 ὅ(
825 1381 962 1411 Fidelium
978 1384 1027 1410 nol
1043 1391 1156 1419 rorum,
1175 1383 1288 1410 Henrici

82 1433 111 1457 R,
121 1440 211 1465 2„7,‚5‚
233 1424 342 1450 Comitts
357 1421 582 1458 Northumbriae,
600 1419 734 1458 Radulphi
750 1422 862 1450 Domini
877 1420 908 1448 de
925 1418 1040 1458 Nevill,
1056 1419 1162 1449 Thomae
1176 1422 1288 1449 Domini

232 1461 262 1489 de
282 1459 431 1490 Furnivall
443 1483 453 1499 ,
479 1462 589 1489 Ricardi
607 1458 631 1487 le
651 1463 728 1496 Scrop
745 1458 899 1496 Baneretti,
916 1457 1044 1497 Magistri
1056 1457 1147 1487 Alani
1162 1458 1285 1488 Newerk

231 1498 368 1529 Bacallarii
385 1501 412 1529 in
432 1499 571 1538 Legibus,
589 1498 707 1527 Gerardi
719 1499 812 1526 Heron
827 1496 961 1526 Chivaler
976 1520 985 1534 ,
1010 1497 1043 1527 &
1055 1495 1197 1534 Johannis
1214 1500 1287 1527 Mit-

227 1536 294 1576 ford
309 1538 467 1576 Armigeri,
485 1538 596 1577 plenam
609 1536 641 1567 &
652 1535 770 1566 solidam
787 1535 932 1565 Fiduciam
945 1535 1120 1574 optinentes,

233 1575 345 1646 &Igos
362 1576 501 1614 Novem,
520 1575 619 1613 Οᾶο,
638 1574 772 1614 Septem,
789 1573 860 1612 Sex,
877 1573 1285 1613 Qinque‚Qatuor,Tres‚

319 1625 369 1645 uos
382 1625 482 1645 eorum

267 1653 313 1684 Ad
335 1639 550 1691 Requirendum
565 1653 668 1682 Adver
681 1656 768 1682 arium
791 1650 907 1693 nostrum
930 1655 1040 1689 Scotiae,
1058 1660 1104 1682 aut
1120 1652 1177 1690 ejus
1189 1653 1218 1681 in
1233 1651 1284 1682 hac

231 1701 310 1730 parte
332 1692 492 1729 Deputatos
506 1715 515 1729 ,
539 1693 643 1722 virtute
674 1693 826 1728 uramenti,
845 1692 850 1719 ι’
874 1691 923 1721 sius
939 1690 1094 1720 Adversarii
1110 1689 1198 1721 nostri
1211 1690 1284 1721 Sco-

231 1731 278 1760 tiae
293 1754 302 1769 ,
329 1730 443 1768 praestiti
459 1754 468 1767 ,
493 1729 572 1767 quod
595 1729 651 1766 ipse
671 1728 797 1767 Treugas
813 1752 822 1766 ,
887 1728 1064 1759 Guerramm
1082 1728 1286 1768 Abstinentias,

231 1769 301 1798 inter
317 1768 401 1807 Nos,
419 1771 452 1799 &
467 1766 667 1806 Adversarium
683 1765 798 1808 nostrum
813 1770 953 1805 anciae,
969 1777 1083 1797 necnon
1096 1767 1206 1798 dictum
1222 1769 1283 1798 Ad-

230 1807 379 1838 versarium
395 1806 524 1838 nostrum
540 1806 663 1844 Scotiae‚
682 1814 814 1844 tanquam
829 1805 910 1846 ipsius
924 1805 1078 1836 Adversarii
1092 1805 1180 1836 nostri
1196 1806 1284 1837 Fran-

229 1846 283 1875 ciae
310 1845 454 1880 alligatum
468 1868 478 1882 ,
504 1854 552 1883 per
572 1844 684 1875 nostros
712 1845 746 1876 δι
767 1845 847 1882 iplius
869 1843 1026 1874 Adversarii
1047 1844 1135 1875 nostri
1158 1844 1284 1876 Franciae

229 1882 462 1920 Commiss'arios,
480 1882 552 1921 apud
569 1882 763 1922 Lenlyngham
778 1882 881 1913 ultimo
897 1891 1006 1920 capta-5,
1021 1883 1102 1914 initas
1114 1907 1124 1922 ,
1141 1883 1175 1914 &
1191 1883 1284 1915 firma—

229 1930 285 1959 tas,
304 1924 336 1953 &
351 1922 423 1959 apud
439 1923 544 1961 Amyas
560 1930 737 1962 prorogatas,
755 1930 806 1958 per
819 1921 856 1952 Se
891 1921 925 1952 &
946 1920 1069 1952 subditos
1088 1921 1150 1952 suos
1163 1946 1173 1961 ,
1191 1923 1285 1954 invio-

228 1960 322 1992 labiles
343 1963 375 1993 &
399 1961 488 1990 illaei‘as
504 1983 514 1997 ,
535 1961 593 1990 tarn
618 1960 730 2003 Facto,
746 1961 836 2003 qu‘am
848 1943 966 1997 Verbo,
985 1968 1076 1991 teneat
1089 1961 1122 1992 &
1135 1961 1283 2000 observet,

228 2009 261 2031 ac
285 2001 372 2030 teneri
389 2000 421 2030 ὃ(
446 1998 563 2029 firmiter
578 1998 718 2029 observari
734 1998 832 2036 faciat,
850 2007 963 2029 necnon
979 1997 1146 2030 sufficientes
1159 2000 1284 2031 Conscr-

227 2046 337 2069 vatores
359 2038 497 2068 dictarum
519 2037 703 2074 Treugarum
717 2059 727 2075 ,
749 2047 801 2074 pro
824 2046 902 2074 parte
924 2036 968 2067 sua
982 2061 992 2075 ,
1014 2037 1129 2076 deputet
1143 2061 1154 2076 ,
1179 2040 1212 2071 &
1235 2049 1283 2070 eos

228 2087 300 2107 onus
320 2076 529 2109 Conservantiae
549 2077 568 2096 ²*
589 2074 748 2114 hujusmodi
769 2076 798 2105 in
813 2075 840 2105 se
854 2074 1008 2114 assumere,
1026 2077 1060 2107 ὅ(
1073 2076 1185 2115 plenam
1196 2077 1283 2116 Justi-

228 2116 294 2146 tiam
311 2115 426 2154 Nobis,
444 2117 477 2147 &
499 2113 622 2145 Subditis
641 2112 743 2144 nostris
763 2113 871 2152 facere,
890 2113 1073 2154 eosdemque,
1094 2125 1127 2146 ac
1141 2115 1209 2147 alios
1224 2115 1283 2147 Ca-

227 2155 371 2193 pitaiieos,
390 2155 422 2185 &
445 2152 608 2184 Officiarios
630 2151 798 2190 Principales
839 2162 980 2182 uerrarum
995 2175 1005 2191 ,
1023 2154 1052 2183 in
1066 2153 1208 2191 praesentia
1220 2155 1283 2186 De-

227 2202 406 2231 putatorum,
422 2192 513 2230 jurare
526 2191 676 2235 compellat
691 2190 725 2220 ad
741 2191 808 2233 huju
823 2191 901 2221 modi
919 2191 1048 2230 Treugas
1067 2192 1163 2224 debite
1186 2194 1281 2225 obser-

225 2232 349 2262 vandum
365 2255 374 2270 ,
399 2232 434 2263 &
452 2231 594 2263 observari
609 2229 784 2269 faciendum,
797 2238 875 2268 Juxta
888 2229 1043 2270 Formam,
1057 2231 1207 2263 Tenorem
1246 2235 1280 2266 &

225 2269 372 2314 Effectum
386 2270 568 2309 earumdem;
1217 2257 1226 2272 ³

261 2309 306 2340 Ac
322 2319 405 2339 etiam
419 2309 500 2347 quod
515 2309 591 2339 idem
607 2309 788 2341 Adversarius
803 2308 899 2340 noster
913 2309 1035 2348 Scotiae,
1054 2310 1281 2350 quibuscumque

224 2348 500 2379 contravenientibus
518 2348 602 2378 alicui
619 2347 748 2379 Articulo
765 2370 774 2386 ,
792 2349 821 2378 in
836 2348 958 2387 Treugis
971 2348 1109 2387 praedictis
1121 2359 1261 2381 contento
1271 2373 1282 2390 ,

224 2396 284 2417 non
298 2385 437 2425 praestabit
451 2385 594 2417 Auxilium
604 2409 614 2424 ,
633 2384 818 2424 Concilium,
836 2387 882 2417 vel
896 2386 1052 2426 Favorem,

263 2425 307 2455 Ac
328 2425 492 2462 generaliter
513 2425 548 2455 ad
568 2426 665 2455 omnia
681 2424 731 2455 alia
747 2425 780 2455 ὃς
795 2425 898 2464 singula
910 2424 1099 2464 Faciendum,
1118 2425 1280 2458 Excercen·

224 2462 293 2493 dum
309 2486 318 2501 ,
344 2462 560 2501 Expediendum
573 2486 583 2501 ‚
607 2464 641 2495 &
668 2462 874 2501 Exequendum
889 2487 899 2501 ,
917 2473 950 2494 ac
964 2466 1079 2503 exequi,
1095 2466 1130 2497 &
1144 2464 1221 2503 fieri,
1239 2467 1280 2496 fa-

225 2503 357 2532 ciendum
373 2524 382 2539 ,
407 2511 470 2539 quae
483 2503 511 2531 in
526 2501 691 2539 Praemiffis,
710 2502 744 2532 δε
757 2502 884 2539 quolibet
900 2501 1114 2533 Praemissorutn
1128 2504 1278 2535 necessaria

225 2540 327 2571 fuerint
341 2541 373 2570 &
389 2549 546 2578 oportuna,
564 2541 649 2570 etiam
664 2539 682 2569 fi
698 2539 867 2570 Mandatum
882 2542 992 2579 exigant
1007 2543 1095 2580 magis
1107 2541 1239 2582 speciale,

265 2577 390 2609 Nostros
410 2588 490 2608 veros
513 2580 545 2610 &
568 2577 743 2609 Indubitatos
765 2576 1000 2617 Commiffarios‚
1021 2589 1055 2611 ac
1070 2579 1207 2612 Nuncios
1219 2581 1279 2620 spe-

225 2616 323 2654 ciales,
342 2615 531 2655 Ordinamus,
548 2616 692 2653 Facimus,
707 2617 740 2647 δε
755 2615 962 2648 Constituimus
973 2626 1023 2657 per
1035 2619 1189 2656 praesentes.

264 2655 301 2686 Et
326 2654 522 2685 Promittimus
541 2654 617 2684 bonit
640 2653 694 2684 fide
709 2677 718 2691 ,
741 2655 774 2684 ὅς
798 2654 896 2686 Verbo
919 2655 1039 2694 Regio,
1063 2667 1132 2696 nos,
1149 2657 1277 2696 Ratum,

225 2693 351 2724 Gratum
360 2715 370 2730 ,
385 2693 417 2723 &
433 2693 560 2723 Firmum
574 2692 715 2722 habituros
728 2693 880 2731 quicquid,
894 2703 942 2731 per
953 2694 1046 2724 dictos
1061 2694 1278 2727 Commiffarios

223 2733 258 2762 δε
281 2731 314 2762 N
318 2731 415 2762 uncios
434 2730 546 2761 nostros
564 2730 687 2760 Novem
702 2754 712 2766 ,
738 2729 841 2767 Ono,
866 2731 982 2768 Septem
994 2755 1004 2769 ,
1028 2733 1102 2772 Sex,
1121 2734 1202 2804 (Ἧη
1225 2746 1276 2774 ue,

225 2771 358 2808 Quatuor
374 2793 383 2806 ,
398 2769 488 2807 Tres,
504 2769 537 2801 ὅ(
553 2768 636 2799 Duos
651 2777 770 2806 eorum,
789 2768 911 2806 Actum,
930 2769 1066 2809 Factum,
1084 2773 1129 2803 seu
1185 2776 1211 2804 ei
1227 2784 1275 2805 um

224 2810 321 2847 fucrit,
340 2809 457 2838 nornine
472 2806 586 2844 nostro,
605 2808 633 2837 in
648 2805 814 2845 Praemiffis,
832 2806 878 2837 seu
892 2807 926 2837 ali
949 2817 987 2838 uo
999 2807 1224 2843 Praemifforum.

266 2847 374 2877 Damus
394 2856 487 2877 autern
510 2845 641 2876 universis
654 2844 806 2875 Officiariis
819 2868 829 2884 ,
850 2844 924 2875 Mini
965 2846 1002 2884 is,
1021 2856 1054 2878 ac
1068 2847 1125 2878 aliis
1138 2849 1276 2881 Fidelibus

224 2886 319 2924 Ligcis
334 2907 344 2923 ,
368 2885 401 2915 &
423 2883 543 2915 Subditis
564 2883 664 2914 nostris
679 2883 919 2922 quibuscumque,
937 2883 1058 2915 Tenore
1074 2885 1272 2926 Praesentium,

224 2923 341 2954 firmiter
363 2923 393 2952 in
415 2923 556 2953 Mandatis
571 2945 581 2960 ,
605 2921 685 2960 quod
700 2922 802 2952 eisdem
818 2920 1023 2953 Commissariis
1037 2924 1070 2955 ὃ(
1084 2923 1119 2954 N
1122 2927 1210 2956 unciis
1223 2936 1277 2957 no-

225 2961 284 2992 stris
304 2970 413 2998 pareant
428 2986 437 2999 ,
455 2960 622 2997 consulant,
636 2960 786 3003 obediant,
801 2961 834 2992 ὃς
849 2959 966 2992 fideliter
980 2962 1144 3001 intendant,
1161 2964 1274 3002 quando

225 3009 259 3031 ex
277 3008 352 3037 parte
368 2999 462 3030 nostra
474 2999 576 3030 fuerint
588 3000 719 3037 requiliti.

262 3038 295 3069 ln
312 3037 404 3076 cujus,
423 3038 482 3068 δίε.

295 3074 386 3106 Teste
401 3075 480 3116 Rege
494 3074 567 3113 apud
586 3074 858 3115 Wstmonasterium,
875 3077 913 3107 ix.
930 3076 976 3108 die
989 3076 1135 3109 Februarii.

77 2084 93 2100 ⁰
116 2085 181 2111 vn.

77 2123 139 2156 766.

697 3153 750 3182 Per
763 3150 843 3191 ipsitm
855 3154 950 3191 Regem
964 3151 1002 3188 ό-
1017 3153 1168 3184 Concilium.

284 3279 333 3309 De
351 3277 578 3309 Locumtenente
595 3276 682 3321 Regis
703 3277 733 3306 in
747 3272 885 3320 partibus
899 3275 1041 3309 Picardiae
1057 3274 1217 3319 constituto.

290 3358 365 3396 EX,
380 3360 528 3391 Universis
541 3360 575 3391 &
589 3358 708 3398 Singulis
719 3357 961 3399 Archiepiscopis,
978 3361 1039 3392 &c-
1058 3360 1192 3392 Salutem.

77 3369 152 3400 Ann.
168 3369 209 3400 D.
336 3398 343 3407 ,
366 3400 370 3404 ,
403 3401 407 3405 ,

101 3418 110 3436 1
176 3432 181 3437 ·
324 3400 421 3429 Sciatis
441 3399 519 3437 quod
537 3398 622 3435 Nos,

78 3418 153 3473 ,4139
152 3418 191 3482 ff}
264 3435 312 3480 De
326 3436 486 3481 Fidelitate,
504 3436 656 3481 Industria,
674 3435 707 3466 ὃς
721 3434 999 3480 Circumspectione,
1018 3436 1158 3481 Carissimi
1171 3436 1272 3468 Avun-

80 3488 99 3510 χ
130 3494 154 3511 2,
225 3475 282 3505 culi
297 3474 400 3513 nostri,
417 3475 554 3513 Johanms
569 3477 654 3504 Ducis
667 3477 831 3513 Aqmtamae
847 3486 884 3508 <y
899 3475 1067 3515 Lancastriae
1084 3476 1190 3514 plenius
1201 3485 1273 3506 con-

81 3524 142 3548 l'an
159 3545 162 3549 ,
205 3545 212 3552 ,
227 3512 342 3544 fidentes

80 3563 99 3586 t<
121 3532 200 3592 χχχ,
262 3537 471 3581 Censtituimus
488 3550 577 3590 ipsum
597 3550 712 3581 Locum
732 3558 875 3580 tenentem
898 3550 1027 3582 nostrum
1047 3553 1076 3582 in
1091 3551 1221 3582 omnibus
1238 3552 1272 3583 &

82 3605 107 3632 7,
226 3590 336 3627 singulis
355 3589 455 3625 Locis,
473 3591 501 3618 in
516 3589 636 3626 partibus
651 3588 804 3630 Picardiae,
820 3589 848 3617 in
864 3588 967 3627 Regno
981 3589 1080 3621 nostro
1094 3591 1236 3627 Franciae,

266 3629 373 3658 Dantes
391 3628 417 3657 ei
440 3627 548 3664 plenam
560 3651 570 3664 ,
593 3627 710 3656 Tenore
725 3627 923 3665 Praelentium,
941 3627 1112 3659 Potestatem
1122 3628 1156 3658 ad
1170 3628 1273 3665 Super-

229 3666 382 3697 videndum
397 3664 512 3702 Castra,
530 3665 687 3702 Fortalitia‚
707 3664 810 3702 villas,
828 3666 861 3695 &
875 3665 925 3694 alia
938 3665 1018 3696 Loca
1033 3667 1141 3704 nostra,
1160 3667 1190 3695 in
1205 3667 1272 3696 Par-

229 3705 300 3735 tibus
320 3705 352 3735 &
374 3703 461 3733 Locis
474 3703 629 3740 praedictis,
645 3713 678 3733 ac
694 3702 870 3732 Munitiones
883 3705 1067 3742 eorumdem,
1085 3705 1144 3735 tarn
1157 3704 1194 3734 de
1204 3703 1271 3735 Ho-

231 3743 371 3779 minibus,
389 3743 475 3778 quam
490 3741 526 3771 de
539 3741 705 3778 Armaturis,
724 3742 757 3771 &
776 3740 964 3779 Victualibus,
983 3744 1016 3773 &
1029 3743 1085 3772 aliis
1101 3742 1270 3780 necell'ariis,

230 3779 259 3807 in
275 3780 376 3810 eisdem
385 3780 418 3809 δε
431 3780 557 3816 quolibet
569 3779 736 3808 eorumdem
757 3778 934 3809 existentibus
948 3802 958 3818 ,
975 3781 1009 3811 &
1022 3781 1057 3811 ad
1071 3780 1270 3811 Ordinandum

231 3825 282 3854 pro
296 3818 365 3848 salva
381 3817 522 3848 Custodia
532 3818 563 3847 ἃ
580 3816 752 3846 Defensione
763 3816 944 3854 eorumdem,

268 3853 303 3883 Et
323 3856 358 3885 ad
379 3856 490 3892 plenam
502 3855 642 3894 justitiam
662 3855 795 3885 omnibus
815 3856 849 3885 ὃς
864 3854 989 3894 singulis,
1006 3858 1035 3886 in
1047 3857 1178 3887 omnibus
1192 3855 1269 3886 Cau-

229 3890 280 3926 sis,
299 3893 357 3921 tam
379 3892 516 3923 Civilibus
530 3915 540 3931 ,
558 3894 643 3930 quam
659 3892 873 3933 Criminalibus,
891 3903 923 3922 ac
936 3896 1033 3924 omnia
1043 3895 1093 3924 alia
1107 3896 1141 3926 &
1153 3893 1271 3932 singuli,

228 3938 295 3997 ἕως
310 3929 375 3995 bgos
389 3931 542 3961 faceremus
560 3936 580 3960 11
595 3930 746 3961 Praeientes
758 3930 876 3961 effemus
887 3931 1007 3970 ibidem,
1025 3932 1160 3963 Nomine
1172 3932 1270 3962 nostro

254 3975 330 3996 acien
352 3976 417 4004 um3

264 4003 305 4036 Et
318 4003 385 4035 ideo
400 4005 497 4044 vobis,
513 4006 548 4038 δι
561 4006 676 4038 cuilibet
688 4005 832 4046 vestrum,
848 4005 1037 4047 Mandamus,
1049 4008 1166 4040 firmiter
1179 4008 1270 4048 injun-

744 117 1533 165 CONVENTIONES‚
1581 116 1966 166 LITERAE‚

1363 209 1440 245 entes
1454 225 1464 237 ‚
1491 200 1570 245 quod
1594 201 1676 231 eiad-m
1697 205 1767 231 Duci
1782 226 1792 241 ,
1816 210 1949 239 tanquam
1972 203 2087 236 Loeurn
2100 205 2232 238 nostrum
2249 206 2355 237 tenenti
2370 207 2400 237 in
2416 200 2490 233 Ann-
2500 203 2541 237 D.

1372 249 1433 270 oeis
1447 240 1480 270 ὃς
1495 239 1624 271 Partibus
1640 239 1798 279 praedietis,
1816 242 1845 270 in
1861 240 2008 272 Praemisfis
2023 246 2156 276 omnibus
2175 246 2210 277 ὃς
2226 244 2336 284 singulis
2352 244 2400 275 In-
2435 249 2517 281 ¹394·

1342 278 1488 308 tendentes
1511 277 1563 307 sitis
1577 300 1587 316 ‚
1613 278 1677 308 Res
1690 278 1828 310 ondentes
1843 303 1854 318 ,
1871 278 2074 319 consulentes,
2091 284 2125 314 &
2139 283 2312 315 Auxiliantes
2328 293 2400 322 quo·
2412 281 2461 308 Ric.
2483 291 2509 312 z.

1343 317 1416 347 tiens
1435 317 1468 347 &
1502 324 1566 347 rout
1581 316 1659 347 idem
1671 288 1745 348 {Dux
1758 318 1842 349 vobis
1857 319 1889 349 &
1904 318 2018 350 cuilibet
2031 319 2156 352 vestrum
2169 322 2242 353 scii-e
2255 322 2352 354 fecerit
2365 330 2400 353 ex

1342 363 1420 394 parte
1434 365 1473 385 no
1500 365 1537 385 ra.

1377 393 1411 424 In
1425 394 1521 431 cujus,
1539 394 1600 424 &c.

1417 431 1484 463 Dat.
1505 435 1533 462 in
1545 431 1656 462 Palatio
1669 433 1746 471 Regis
1761 430 1868 473 Westm.
1883 432 1999 465 decimo
2016 433 2061 466 die
2079 434 2185 467 Martii.

1817 512 1871 540 Per
1882 509 1964 550 ipfiem
1976 513 2072 550 Regem
2085 509 2124 547 ὀ·
2140 513 2292 545 Concilium.

1533 636 1590 666 Pro
1608 632 1746 667 Ducibus
1763 635 1938 678 Bituricenfi
1951 637 1988 674 ὠ·
2006 634 2193 684 Burgundiae.

1335 720 1416 783 LE
1432 721 1502 762 Roy
1517 733 1532 752 a
1545 731 1616 753 touz
1627 732 1715 762 ceuit,
1734 725 1783 762 qui
1799 733 1845 755 ces
1859 724 1967 755 Lettres
1981 734 2114 764 verront,
2132 726 2220 758 Salut.
2404 714 2531 748 ‘mn-D·

1428 760 1594 793 Savotk
1618 761 1792 793 FmsoNs
1814 773 1870 800 que
1889 762 1977 793 Nous
1996 773 2085 794 avons
2108 765 2162 802 pris
2182 766 2216 796 δε
2230 774 2308 804 mys,
2323 775 2388 803 pre-
2424 763 2509 794 ¹394·

1335 807 1408 828 nons
1421 800 1454 830 &
1469 809 1592 831 mettons
1607 823 1616 838 ,
1640 809 1698 830 noz
1713 802 1810 831 cheres
1824 802 1858 832 &
1873 801 1968 832 Amez
1981 800 2066 833 Cous
2078 811 2125 838 ns,
2142 801 2168 832 Ie
2182 806 2242 833 Duc
2255 804 2288 834 de
2301 806 2388 844 Berry
2402 795 2454 820 An.
2475 803 2517 829 ¹⁷·

1337 836 1371 867 &
1386 836 1564 878 d’Avergne,
1581 838 1605 869 le
1616 841 1679 868 Duc
1693 840 1725 869 de
1739 843 1924 878 Bourgoingne
1940 838 2039 871 Conte
2074 851 2090 872 e
2105 839 2235 872 Flandroe
2253 844 2287 874 &
2301 842 2387 873 d’Ar-
2403 835 2439 875 R..
2452 840 2478 858 ²·

1336 876 1901 948 sysssszgaedr0izss‘fflzasriz
1915 878 2232 949 &extraneae
2246 879 2388 921 Μῶμε

1352 990 1357 996 ,
1374 925 1535 998 Lesgiueux
1550 954 1657 985 mesme
1669 954 1764 986 nostre
1777 939 1940 987 Adversai're
1952 957 2054 987 envoie
2068 941 2275 995 presentement
2287 965 2317 987 es
2329 966 2391 995 pai·-

1337 998 1388 1022 ties
1400 992 1436 1022 de
1450 993 1591 1031 Picardie,
1607 1003 1679 1031 pour
1693 993 1719 1024 le
1733 993 1793 1024 Fait
1807 993 1846 1025 du
1861 994 1988 1025 Traiffle
2000 994 2037 1026 de
2055 995 2080 1025 la
2092 994 2159 1026 Paix
2202 997 2284 1033 pieca
2297 994 2391 1027 Parlee

1337 1028 1443 1074 d'entre
1465 1031 1552 1062 Nous
1572 1030 1720 1076 &nostre
1731 1032 1773 1062 dit
1792 1032 1966 1071 Adverfiire
1979 1056 1989 1072 ‚
2012 1034 2046 1065 ὅτ.
2065 1033 2111 1064 lez
2134 1018 2261 1075 Subgiz,
2279 1033 2392 1074 Alliez,

1338 1066 1510 1108 Roiaumes,
1529 1071 1563 1100 &
1576 1070 1752 1108 Seigneuries
1763 1070 1799 1101 de
1813 1071 1887 1102 l‘une
1898 1073 1932 1103 &
1943 1071 1980 1102 de
1991 1071 2085 1103 l'autre
2093 1094 2103 1109 ‚

1374 1107 1392 1122 ¹*
1412 1108 1563 1147 Avecques
1590 1109 1628 1140 les
1648 1108 1743 1140 dusius
1764 1119 1872 1140 nomez
1896 1108 2040 1148 Messages
2052 1134 2062 1149 ,
2086 1112 2121 1141 &
2140 1110 2269 1150 Deputoe
2283 1134 2292 1149 ,
2317 1111 2390 1142 leurs
2406 1108 2502 1138 ‘VII-

1336 1144 1453 1184 Gentz,
1471 1149 1505 1179 &
1519 1147 1659 1178 Familiers
1708 1147 1796 1178 soient
1811 1146 1981 1186 Chevalers,
1999 1149 2141 1188 Esquiers,
2157 1149 2257 1188 Clers,
2271 1151 2305 1182 &
2319 1150 2387 1181 Val-
2407 1149 2471 1183 761-

1335 1183 1380 1215 lez
1399 1195 1504 1229 yenans
1514 1196 1557 1229 'en
1580 1186 1638 1216 leur
1659 1170 1851 1226 Compaignie
1864 1210 1874 1225 ,
1891 1196 1931 1218 ou
1944 1196 2117 1226 autrement,
2136 1197 2189 1226 pur
2203 1188 2283 1220 cause
2295 1189 2334 1220 du
2347 1189 2389 1221 dit

1335 1222 1464 1254 Traictie
1479 1248 1488 1263 ,
1507 1225 1599 1263 Jusqes
1619 1235 1653 1255 au
1675 1224 1797 1255 Nombre
1815 1225 1846 1255 de
1861 1227 1933 1255 Huit
1947 1229 2037 1256 Centz
2051 1224 2198 1266 Parfimnes
2212 1249 2222 1265 ,
2240 1238 2255 1258 a
2267 1226 2389 1267 Chival‚

1335 1271 1374 1292 ou
1394 1272 1408 1292 a
1432 1262 1515 1302 Piee,
1533 1264 1592 1294 leur
1614 1262 1737 1294 Chivalx
1751 1287 1761 1302 ,
1781 1263 1901 1295 Morino
1919 1275 1951 1302 s,
1969 1264 2072 1295 Harno
2091 1275 2121 1304 ε,
2140 1266 2174 1295 &
2197 1273 2287 1296 autres
2306 1265 2389 1297 Biens

1356 1301 1563 1340 uelxconques‚
1582 1312 1617 1332 en
1634 1310 1694 1332 noz
1706 1302 1767 1333 fiius
1777 1303 1810 1334 &
1823 1303 1883 1333 seur
1927 1303 2044 1340 onduit,
2085 1303 2390 1343 roteetionffuition,

1333 1310 1512 1384 Sauyegarde
1524 1364 1534 1379 ,
1560 1342 1592 1372 &
1609 1341 1733 1371 Defense
1758 1341 1927 1380 especiaulx,
1945 1352 1981 1372 en
1995 1351 2099 1372 venant
2113 1352 2161 1380 par
2176 1342 2259 1382 Mer,
2277 1353 2306 1373 es
2319 1342 2392 1374 dites

1333 1388 1433 1416 parties
1448 1379 1484 1410 de
1497 1379 1641 1419 Picardie,
1661 1389 1735 1418 pour
1750 1379 1776 1411 le
1791 1381 1851 1411 Fait
1863 1380 1903 1410 du
1918 1380 1957 1410 dit
1969 1380 2096 1411 Traiecie
2130 1382 2164 1412 &
2186 1381 2211 1411 la
2226 1381 2392 1421 demorant,

1334 1417 1368 1448 &3
1384 1426 1547 1448 retournant
1568 1428 1628 1449 vers
1643 1418 1682 1449 les
1696 1419 1795 1456 parties
1816 1419 1852 1450 de
1866 1419 1889 1449 F
1890 1429 1972 1450 rance
1981 1442 1990 1457 ,
2008 1428 2057 1457 par
2071 1402 2158 1450 Nfeer
2170 1419 2204 1450 &
2217 1430 2266 1458 par
2279 1419 2371 1452 Terre

1332 1464 1402 1486 touz
1417 1455 1644 1501 Ensemble,·ou
1662 1466 1711 1495 par
1729 1456 1851 1500 Partim,
1870 1458 1975 1489 ficome
1989 1459 2067 1488 bone
2078 1457 2137 1488 leur
2150 1457 2302 1498 semblera,
2317 1459 2351 1491 &
2370 1444 2390 1490 53

1333 1493 1450 1538 souvant
1465 1504 1582 1539 comme
1593 1495 1612 1525 il
1624 1495 1683 1525 leur
1698 1495 1781 1538 plaira
1796 1506 1870 1534 pour
1882 1497 1908 1527 la
1922 1496 2001 1527 cause
2015 1495 2166 1535 desusdite,
2179 1497 2270 1536 jusqes
2284 1507 2318 1529 au
2332 1498 2390 1537 pri-

1333 1533 1623 1616 m‘Srichgnggrismg}
1636 1534 2133 1616 &ogiggiringnertiaggbommmdom
2153 1572 2348 1605 estroitement
2371 1585 2389 1606 a

1332 1617 1403 1641 touz
1417 1619 1477 1641 τισι
1493 1611 1714 1648 Lieuxtenantz,
1731 1609 1792 1646 ὠς.
1804 1618 1886 1650 prout
1899 1614 1928 1641 in
1943 1610 2066 1650 ejusmodi
2080 1611 2112 1641 de
2127 1613 2263 1642 Condublu
2276 1615 2390 1643 Literis.

1368 1687 1414 1718 En
1425 1687 1656 1728 Tesmoignance
1674 1685 1711 1718 de
1730 1696 1764 1718 ce
1784 1685 1872 1718 Nous
1887 1696 1976 1718 avons
1997 1687 2046 1719 fait
2058 1696 2159 1720 mettre
2173 1687 2269 1720 nostre
2286 1689 2388 1722 Grand

1331 1725 1483 1796 sessgncnee‘
1492 1726 1721 1803 ,I-{ttlrjs'Manoir
1742 1764 1774 1793 de
1794 1762 1929 1794 chilterne
1949 1763 2084 1801 Langelee
2098 1787 2108 1803 ‚
2131 1764 2158 1795 le
2178 1774 2243 1796 xxv.
2264 1766 2331 1804 jour
2351 1766 2390 1798 de

1333 1802 1428 1841 Mars,
1444 1804 1511 1834 l'An
1529 1803 1566 1834 de
1577 1803 1674 1834 Gracc
1691 1801 1790 1840 Mille,
1807 1802 1974 1842 Troiscens,
1991 1802 2171 1843 Qiatrevyns
2182 1804 2385 1844 &Tresze,&

1330 1842 1366 1873 de
1381 1842 1476 1874 nostre
1490 1842 1592 1884 Regne
1606 1841 1670 1883 Dys
1685 1841 1718 1873 &
1733 1841 1877 1884 Septismc.

1893 1923 1952 1952 Par
1964 1920 1987 1952 Ie
1998 1923 2049 1953 Καὶ
2062 1921 2100 1959 ό·
2106 1921 2159 1962 son
2174 1920 2304 1961 Cwsiik-
2323 1964 2326 1966 v
2341 1964 2344 1966 v

1625 2065 1682 2097 Pro
1699 2065 1838 2097 Dominis
1853 2061 1889 2097 de
1907 2065 2091 2111 Aquitania.

1329 2147 1466 2220 RE}''
1477 2147 1625 2219 Univer‘li‘is
1639 2148 1673 2181 &
1689 2147 1798 2189 singulis
1811 2149 1984 2186 Admirallis,
2002 2149 2063 2182 &a
2083 2146 2216 2182 Salutem.
2404 2143 2479 2177 Ann-
2494 2144 2537 2183 D:

1440 2198 1517 2220 ciatis
1551 2192 1589 2220 υὸ
2424 2193 2508 2224 1394.

1365 2226 1444 2258 Cum
1457 2252 1467 2266 ,
1488 2199 1585 2259 dilelcsti
1606 2211 1640 2259 ἐζ
1663 2225 1758 2257 fideles
1778 2224 1866 2257 nostri
1880 2249 1890 2264 ,
1917 2225 2120 2257 Florimundus
2139 2225 2286 2258 Dominus
2308 2226 2344 2258 de
2358 2226 2385 2258 le
2403 2226 2507 2260 A”·¹7·

1327 2265 1428 2306 Sparte
1442 2276 1509 2297 curn
1521 2266 1665 2304 Sexaginta
1680 2265 1828 2303 Equitibus
1841 2288 1852 2303 ,
1869 2266 2013 2295 Vicecomes
2027 2267 2100 2294 Dort
2116 2275 2186 2296 cum
2200 2265 2330 2305 Triginta
2343 2264 2384 2296 E-
2403 2266 2433 2290 R.
2455 2272 2482 2290 2·

1349 2306 1450 2336 uiribus
1463 2329 1473 2343 ,
1498 2306 1531 2336 ὅ(
1552 2307 1684 2335 Dominus
1701 2304 1733 2334 de
1752 2302 1910 2344 chastelhou
1932 2313 2000 2334 cum
2015 2303 2147 2341 Triginm
2160 2303 2310 2342 Equitibus
2323 2328 2334 2342 ,
2351 2305 2382 2334 in
2403 2301 2467 2337 Vasc.
2490 2308 2532 2335 ¹7·

1357 2345 1481 2374 omitivis
1496 2343 1564 2381 suis,
1583 2343 1653 2373 infra
1670 2341 1809 2382 Regnum
1823 2341 1952 2372 nostrum
1968 2341 2097 2380 Angliae,
2116 2352 2200 2380 penes
2211 2342 2380 2374 Presentiam
2400 2342 2429 2366 R.
2446 2347 2516 2368 ΜΦ·

1325 2382 1473 2418 nostram,
1489 2391 1543 2419 pro
1558 2380 1723 2420 quibuidam
1737 2380 1827 2411 arduis
1843 2379 1997 2417 Negotiis,
2015 2390 2069 2410 nos
2082 2381 2116 2411 ὅ(
2130 2380 2241 2412 Statum
2254 2379 2381 2412 Partium
2404 2387 2446 2406 ¹2-

1325 2421 1488 2460 Aquitaniae
1500 2419 1648 2460 specialiter
1659 2418 1914 2456 concernentibus,
1931 2419 2013 2450 nobis
2027 2418 2198 2460 explicandis
2212 2442 2223 2459 ,
2243 2419 2384 2452 mediante

1326 2459 1455 2528 Liffintia
1469 2458 1582 2497 nostra,
1600 2459 1629 2489 in
1642 2459 1776 2497 proximo
1789 2457 1843 2489 sint
1855 2458 1984 2496 venturi,

1399 2508 1433 2529 os

1359 2536 1419 2567 Pro
1433 2521 1533 2567 eorum
1547 2535 1720 2574 Securitate,
1737 2543 1768 2566 ut
1780 2534 1830 2573 ipsi
1844 2534 1916 2566 infra
1928 2534 2066 2575 Regnum
2080 2536 2114 2568 &
2130 2534 2271 2566 Dominia
2285 2535 2381 2567 nostra

1323 2575 1506 2606 amicabiliter
1519 2597 1528 2612 ‚
1553 2583 1584 2605 ut
1602 2575 1730 2611 deceret,
1744 2573 1972 2617 pertractenturst
1988 2584 2021 2604 ac
2036 2574 2200 2612 prosperum
2213 2573 2380 2606 Adventum

1323 2615 1357 2646 &
1371 2613 1500 2644 securum
1515 2612 1677 2643 Tranfitum
1691 2614 1856 2649 optineant,
1876 2611 2026 2649 providere
2040 2611 2184 2649 volentes,

1359 2652 1534 2690 suscepimus
1557 2652 1590 2683 δε
1611 2660 1660 2689 per
1675 2649 1822 2689 praesentes
1841 2650 1974 2687 ponimus
1988 2650 2022 2681 &
2035 2649 2194 2688 suscipimus
2204 2650 2296 2689 ipsos,
2313 2650 2380 2682 Do-

1323 2692 1415 2722 minos
1429 2692 1462 2721 &
1475 2689 1702 2726 vicecomitem,
1719 2688 1791 2719 infra
1805 2687 1916 2720 dictum
1932 2686 2070 2724 Regnum
2083 2687 2213 2719 nostrum
2227 2713 2237 2727 ,
2259 2698 2289 2720 ut
2303 2700 2377 2728 ptae-

1323 2731 1457 2766 mittitur,
1476 2739 1526 2767 per
1548 2728 1722 2759 Dominium
1738 2728 1772 2759 &
1792 2725 1964 2757 Potestatem
1978 2725 2069 2758 nostra
2103 2727 2162 2758 tam
2177 2737 2226 2765 per
2240 2727 2379 2766 Terram,

1323 2769 1408 2806 quam
1432 2778 1479 2805 per
1504 2766 1588 2797 Mare
1601 2791 1611 2804 ,
1636 2765 1717 2796 simul
1729 2765 1775 2796 vel
1788 2765 1950 2804 separatim,
1966 2750 2126 2803 veniendo,
2143 2765 2251 2796 ibidem
2265 2776 2380 2797 moran-

1321 2808 1360 2837 do
1368 2830 1377 2844 ,
1395 2804 1625 2844 perhendinando
1633 2829 1643 2843 ,
1658 2804 1692 2836 &
1703 2803 1804 2835 exinde
1815 2803 1850 2834 ad
1861 2803 1954 2835 Partes
1967 2804 2024 2835 suas
2041 2804 2166 2842 proprias
2178 2804 2378 2842 quandocum-

1322 2856 1378 2885 que
1390 2846 1428 2876 eis
1462 2845 1575 2876 lacuerit
1588 2842 1751 2882 redeundo,
1768 2852 1884 2873 necnon
1897 2841 2040 2873 Homines
2052 2842 2086 2873 &
2100 2841 2258 2874 Familiares
2270 2843 2332 2874 suos
2344 2844 2374 2874 in

1319 2894 1420 2915 eorum
1489 2884 1592 2914 mitivis
1611 2890 1768 2919 venturos,
1793 2891 1826 2911 ac
1845 2881 1944 2919 Equos
1960 2903 1971 2919 ,
1994 2880 2074 2912 Bona
2088 2904 2099 2919 ,
2122 2881 2156 2912 &
2176 2880 2314 2912 Hemefia
2327 2882 2374 2912 sua

1320 2932 1453 2962 quaecum
1474 2932 1526 2960 ue,
1543 2923 1572 2951 in
1585 2920 1690 2951 salvum
1703 2920 1737 2951 δε
1751 2921 1881 2951 securum
1896 2918 2084 2950 Condu&um
2095 2918 2241 2957 nostrum,
2256 2929 2372 2950 necnon

1320 2963 1351 2992 in
1365 2961 1452 2991 Prote
1486 2962 1580 2991 'onem
1613 2959 1800 2996 Tuitionem‚
1818 2958 1851 2988 &
1868 2956 2073 2988 Defensionem
2083 2956 2189 2987 nostras
2202 2956 2331 2994 speciales

1358 2998 1502 3029 Nolentes
1514 2982 1596 3037 quod
1612 2996 1717 3035 praefati
1731 2995 1856 3027 Domini
1871 2996 1905 3026 &
1920 2995 2131 3033 Vicecomites,
2148 3004 2194 3025 aut
2207 3005 2309 3026 eorum
2321 3006 2338 3026 a
2350 2995 2372 3019 '-

1320 3038 1398 3076 quis‚
1417 3039 1524 3068 ratione
1546 3037 1679 3074 Marquae
1698 3035 1744 3066 seu
1765 3033 1925 3074 Reprisaliae
1939 3057 1949 3070 ‚
1965 3042 2013 3064 aut
2023 3033 2172 3065 occasione
2181 3032 2293 3071 alicujus
2307 3032 2371 3064 De-

1319 3076 1370 3106 biti
1384 3100 1394 3114 ,
1421 3073 1610 3112 Contractus,
1627 3074 1673 3104 seu
1691 3072 1788 3103 Trans
1814 3071 1927 3102 effionis
1941 3095 1951 3110 ,
1975 3079 2038 3102 ante
2057 3071 2121 3102 haec
2137 3079 2267 3108 tempora
2278 3071 2370 3102 sarsto-

1318 3123 1399 3153 rum,
1417 3114 1450 3144 ad
1473 3113 1587 3144 Seitam
1607 3112 1766 3149 aliquorum
1809 3110 1940 3146 igeorum
1959 3108 2122 3140 nostrorum
2135 3133 2146 3147 ,
2163 3108 2279 3141 durante
2293 3110 2369 3141 Prae-

1318 3153 1437 3218 sentiuign
1463 3151 1619 3181 munimine
1634 3171 1645 3187 ,
1666 3146 1829 3178 Arestentur
1842 3170 1852 3185 ,
1877 3146 2091 3182 occafionentur
2104 3169 2116 3188 ,
2140 3148 2285 3189 capiantur
2298 3171 2308 3188 ,
2323 3157 2370 3180 aut

1316 3200 1357 3219 lm
1379 3200 1400 3219 ri
1412 3197 1549 3219 onentur:

1354 3200 1391 3257 ἕ(
1406 3227 1472 3256 ideo
1491 3226 1571 3256 vobis
1584 3225 1618 3256 &
1633 3223 1749 3255 cuilibet
1761 3222 1888 3255 vestrum
1902 3222 2157 3263 Mandamus‚&c.
2174 3234 2233 3256 non
2247 3224 2369 3256 inferen-

1317 3273 1357 3297 tes
1391 3267 1451 3298 ἃς.
1470 3263 1525 3301 Et,
1543 3263 1562 3294 si
1577 3262 1644 3302 quid
1657 3264 1712 3301 eis,
1724 3261 1770 3292 seu
1784 3271 1884 3292 eorum
1898 3262 1997 3303 alicui,
2015 3263 2076 3294 &c.

1354 3289 1388 3334 I’n
1395 3304 1495 3371 :1:⁰qu
1513 3303 1575 3334 &c.
1592 3301 1677 3340 usque
1690 3300 1724 3332 ad
1739 3300 1855 3332 Festum
1868 3300 1964 3332 Sanni
1976 3300 2126 3332 Michaelis
2137 3302 2272 3339 proxime>
2293 3301 2369 3334 futu-

1316 3352 1380 3374 rum
1416 3350 1545 3372 uraturas.

1353 3379 1443 3413 Teste
1458 3379 1541 3419 Rege
1553 3378 1626 3420 apud
1641 3375 1914 3419 Wllmonasterium,
1927 3378 2035 3410 octavo
2047 3376 2095 3408 die
2109 3376 2226 3416 Aprilis.

1990 3456 2044 3485 Per
2058 3453 2140 3494 ipsium
2153 3457 2256 3493 Regem.
2281 3442 2284 3446 ¹

1569 3584 1628 3616 Pro
1645 3583 1818 3614 Camerario
1833 3584 1920 3628 Regis
1934 3583 2096 3615 Armeniae.

1316 3666 1428 3725 REX
1438 3691 1448 3704 ,
1466 3676 1516 3707 per
1535 3666 1641 3697 Literas
1657 3665 1712 3697 suas
1733 3665 1863 3697 Parentes
1876 3687 1886 3704 ‚
1904 3675 1955 3703 per
1967 3675 2058 3696 unum
2072 3665 2189 3696 Annum
2204 3665 2358 3704 duraturas,
2375 3669 2453 3701 Ann,
2468 3669 2510 3702 D,

1387 3705 1500 3742 suscepit
1514 3706 1543 3734 in
1556 3704 1661 3734 salvum
1684 3706 1718 3736 ὃς
1736 3706 1866 3735 securum
1882 3703 2070 3734 Condudmm
2084 3704 2179 3742 suurn,
2196 3704 2271 3733 acin
2286 3701 2360 3745 Pro·
2398 3718 2482 3749 1394,

1313 3744 1484 3780 testionem,
1501 3742 1688 3781 Tuitionem,
1705 3743 1739 3774 &
1755 3742 1958 3772 Defenfionem
1973 3743 2030 3773 suas
2051 3742 2177 3780 speciales
2195 3742 2362 3779 Franciscum
2378 3752 2429 3775 Aa.
2447 3757 2490 3783 ¹7·

1315 3785 1404 3819 Mire,
1427 3790 1517 3818 nuper
1535 3779 1728 3811 Camerarium
1749 3783 1828 3818 Regis
1839 3783 1982 3810 Armeniae
1994 3804 2004 3818 ,
2028 3790 2096 3810 cum
2110 3779 2164 3809 Sex
2178 3778 2304 3809 Personis
2318 3780 2358 3810 E·
2376 3790 2406 3813 R.
2427 3796 2453 3813 2,

1315 3820 1437 3856 quiribus
1455 3820 1485 3848 in
1506 3818 1654 3849 Comitiva
1672 3819 1736 3855 sua,
1761 3820 1791 3848 in
1816 3818 1952 3858 Regnum
1970 3818 2061 3853 Regis
2078 3817 2189 3854 Angliae
2204 3818 2360 3857 veniendo,
2372 3827 2506 3859 Francsy.
2555 3846 2557 3848 .

1313 3857 1419 3887 ibidem
1437 3857 1576 3887 morando
1593 3880 1604 3893 ,
1626 3858 1660 3888 &
1677 3856 1779 3887 exinde
1794 3857 1887 3887 versus
1900 3865 1989 3894 partes
2000 3854 2223 3893 Transmarinas,
2240 3858 2268 3885 in
2285 3866 2358 3894 quo-
2374 3866 2403 3889 R.
2414 3870 2482 3889 2‚m.

1314 3904 1438 3933 cumque
1450 3895 1537 3925 Portu
1550 3895 1600 3924 sibi
1614 3895 1762 3934 placuerit,
1779 3895 1883 3933 absque
1897 3894 2105 3933 perturbatione
2116 3892 2162 3923 seu
2181 3894 2359 3932 impetitione
2374 3900 2402 3926 6.

1313 3943 1508 3971 quacumque,
1525 3932 1710 3971 transeundo,
2092 3939 2097 3946 “

1352 3971 1465 4001 Nolens
1482 3970 1562 4009 quod
1583 3971 1632 4007 ipsi
1646 3993 1656 4009 ,
1679 3972 1786 4001 ratione
1806 3969 1938 4007 Marquae
1951 3967 1987 3998 de
2000 3966 2112 3998 Guerra
2123 3969 2168 4000 seu
2182 3969 2359 4010 Reprisaliae,

1314 4009 1486 4048 cuicumque
1503 4018 1554 4047 per
1575 4008 1644 4040 Nos
1664 4018 1729 4041 ante
1748 4009 1812 4040 haec
1831 4015 1959 4045 tempora
1978 4006 2136 4047 conceffae,
2156 4009 2171 4026 ’ἕ
2189 4008 2479 4076 ειείὶεῐιευτ,,*6ὲ111.

2279 4056 2362 4079 occa·
2377 4057 2389 4084 7
2433 4066 2441 4076 .
