2561 4251
717 133 824 178 ET
909 134 1174 177 ACTA

12 227 86 258 ‘Amr
101 222 142 255 D.
162 225 244 256 unius
257 222 425 260 Hakenetti‚
441 220 516 252 Tres
527 221 640 253 Solidos
655 230 705 261 per
717 222 813 261 diem,
832 223 881 261 qui
893 222 928 253 ad
950 223 1161 262 Qinquaginta
1184 222 1218 254 δε

13 262 128 339 ὲξῖζῖ

13 456 30 475 ³
52 456 117 483 VII.

14 503 74 527 εις.

4 2649 90 2681 'Amm
100 2650 141 2681 D.

37 2691 122 2727 1376.

14 2732 66 2756 An.
82 2739 128 2764 50.

0 2819 7 2827 i
15 2788 117 2834 ibia'ein.

2 3526 5 3531 '
19 3521 111 3550 0v11.

23 3562 84 3587 126.

199 272 296 295 uatuor
311 262 408 292 Libras
424 260 458 292 &
473 260 638 291 Duodecim
653 261 783 298 Solidos,

234 310 326 332 ecnon
347 308 398 336 pro
418 298 513 329 Vadiis
536 299 668 338 Quatuor
689 300 869 330 Garcionum
890 299 983 330 dietos
997 299 1095 337 Equos
1109 299 1215 330 Custo-

160 341 298 371 dientium
314 337 466 375 (videlicet)
484 347 535 375 pro
549 338 676 376 quolibet
688 347 788 368 eorum
803 348 892 369 unum
907 338 1065 368 Denarium
1078 339 1111 369 &
1126 347 1215 367 unum

162 378 293 409 Obolum
306 386 354 415 per
368 375 444 405 diem
454 399 464 413 ,
482 377 529 413 qui
543 376 577 406 ad
593 376 716 407 Novem
731 377 845 415 Libras,
864 377 947 407 Duos
960 376 1089 414 Solidos,
1107 377 1140 407 ὃς
1161 376 1216 406 Sex

159 416 300 447 Denarios
314 424 363 452 per
378 414 495 444 Annum
510 414 537 444 se
552 415 722 452 extendunt,

199 455 218 475 ²¹²
239 454 284 484 Ac
303 454 384 482 etiam
428 462 480 490 pro
500 453 664 490 quibusdam
685 452 807 483 Minutis
830 453 1019 490 Necessariis,
1037 451 1165 483 Centum
1184 454 1217 484 δε

159 491 308 524 Sexdecim
322 476 434 521 Solidos
448 501 496 528 per
509 491 642 528 Annum,
694 530 697 533 Ι
913 530 917 533 ¹
1198 530 1202 534 ι

199 529 277 569 Qae
297 529 411 566 quidem
431 529 560 559 Summae
576 530 603 557 in
618 529 752 558 Omnlbus
767 528 800 557 ad
818 528 965 565 Sexaginta
979 529 1011 559 &
1028 529 1153 559 Novem
1167 528 1219 558 Li-

161 570 244 606 bras,
271 567 385 599 Decem
408 568 542 604 Solidos,
565 567 598 597 &
621 566 676 595 Sex
697 566 838 597 Denarios
859 576 907 604 per
928 567 1046 598 Annum
1069 568 1096 598 se
1122 574 1218 597 exten-

158 607 227 637 dunt

195 630 389 682 Pe’rcipiendas
400 642 508 681 singulis
524 641 631 680 Annis,
650 642 684 673 ad
697 643 876 674 Scaccarium
897 644 1044 681 nostrum,
1063 643 1097 674 ad
1120 644 1217 673 termi-

155 693 208 713 nos
221 683 337 714 Paschae
349 685 382 714 ὅ(
397 681 493 712 Sancti
508 680 678 720 Michaelis,
697 692 746 719 per
759 682 878 720 aequales
896 682 1060 720 Portiones,
1072 682 1217 720 quousque

155 723 233 752 aliter
250 722 317 752 inde
331 720 492 750 duxerimus
504 719 701 750 ordinandum.

152 798 172 828 b
192 759 282 791 Teste
295 760 378 798 Rege
391 757 464 796 apud
488 757 794 797 Westmonasterium‚
813 758 988 790 duodecimo
1009 757 1056 788 die
1076 757 1216 789 Novem-

173 808 219 829 ris.

259 876 312 904 Per
333 874 414 913 ipsicm
434 877 545 912 Regem,
563 877 708 904 nunciante
726 874 845 912 Rogero
865 873 902 904 de
912 873 992 904 Bello
1005 873 1137 910 Campo,
1156 874 1210 901 Ca-

310 917 424 943 merario
435 914 509 953 ipsius
521 916 608 950 Regis.

238 1055 297 1086 Pro
315 1050 434 1086 Thoma
448 1052 586 1098 Epiftopo
603 1053 797 1098 Dunolmensi
809 1051 845 1085 de
861 1065 917 1085 non
929 1050 1120 1098 procedendo.

125 1174 131 1180 .
152 1135 285 1192 REX,
300 1136 406 1167 dilectis
420 1136 453 1168 &
466 1136 592 1168 fidelibus
606 1137 673 1175 suis,
692 1136 821 1175 Johanm·
835 1136 1041 1174 cavendile,&
1057 1136 1147 1166 Sociis
1161 1135 1213 1165 suis

221 1175 382 1214 Justiciariis
397 1175 515 1215 nostris,
533 1175 567 1207 ad
581 1175 686 1207 Placita
699 1186 796 1206 coram
812 1176 910 1206 Nobis
926 1176 1044 1207 tenenda
1059 1174 1213 1213 assignatis,

100 1213 113 1256 ³.
151 1211 286 1244 Salutem.

189 1251 269 1282 Cum
284 1253 312 1282 in
326 1252 472 1292 Loquela,

127 1328 133 1334 ⁶
189 1290 269 1329 Qiae
289 1302 377 1329 nuper
394 1293 448 1323 fuit
466 1300 564 1322 coram
581 1290 697 1330 Nobis,
716 1292 746 1321 in
768 1290 941 1321 Cancellaria
955 1290 1061 1328 nostra,
1081 1300 1129 1328 per
1144 1289 1211 1320 Bre—

151 1338 189 1359 ve
207 1328 336 1360 nostrum
354 1330 390 1361 de
407 1330 486 1361 Scire
503 1330 602 1368 facias,
633 1331 705 1360 inter
723 1330 852 1360 Thomam
870 1330 1026 1368 Episcopum
1045 1327 1212 1358 Dunolmen-

126 1364 225 1407 ''fim,
256 1368 289 1398 &
310 1368 462 1398 Wlterum
483 1367 592 1407 Tyrell,
615 1367 651 1398 de
669 1367 799 1402 Paffagio
819 1368 911 1406 Aquae
929 1368 964 1398 de
980 1367 1094 1398 Twede
1107 1391 1116 1405 ,
1141 1366 1211 1395 infra

151 1405 327 1474 Rominium
354 1407 435 1445 ipfius
458 1406 616 1445 Episcopi,
644 1407 717 1445 apud
735 1407 952 1438 Twedemouth
965 1429 974 1444 ,
1003 1415 1037 1436 ex
1055 1415 1131 1446 parte
1150 1404 1212 1434 An-

181 1455 216 1475 1ae

149 1453 170 1482 g
189 1467 324 1514 PrZefatus
339 1482 476 1514 Walterus
489 1483 645 1521 allegaverit
658 1483 684 1514 se
697 1482 856 1522 Paffagium
870 1482 1040 1520 pradictum
1054 1490 1164 1515 tenere,
1178 1480 1213 1511 ad

153 1520 251 1552 Vitam
264 1523 358 1557 suam,
375 1532 409 1552 ex
426 1521 620 1553 Conceffione
632 1521 744 1558 nostra,
763 1521 936 1551 Reversione
953 1521 1044 1563 inde,
1055 1520 1117 1558 post
1129 1519 1212 1550 Mor-

152 1569 213 1590 tem
227 1559 307 1598 ipsius
321 1560 453 1597 PValteri,
471 1560 507 1590 ad
521 1560 590 1590 Nos
602 1559 760 1597 spestante,
779 1561 813 1590 δε
826 1560 914 1597 ipsum
927 1559 1008 1595 inde,
1028 1563 1084 1589 line
1097 1558 1211 1596 Nobis,

151 1598 318 1635 respondere
329 1608 389 1628 non
401 1598 518 1633 debere,
535 1598 660 1638 petendo
673 1597 821 1628 Auxilium
837 1608 852 1629 a
874 1597 972 1628 Nobis
992 1599 1020 1627 in
1043 1598 1095 1628 hac
1118 1607 1213 1635 parte,

151 1636 232 1675 quod
247 1637 273 1667 ei
287 1636 465 1667 Concessum
479 1635 520 1666 est
529 1659 538 1673 ,

192 1674 281 1713 Cujus
295 1674 410 1712 quidem
425 1674 563 1713 Loquelae
578 1674 749 1705 Recordum
770 1675 804 1706 &
824 1673 974 1706 Processus
994 1684 1092 1705 coram
1114 1673 1214 1704 Nobis

152 1713 233 1761 milla
246 1712 381 1751 existunt,
396 1713 503 1757 ibidem
515 1713 710 1758 Terminanda
719 1735 728 1751 ,
804 1752 808 1758 .
1081 1753 1089 1761 κ

151 1752 251 1822 tasum
245 1760 474 1829 Xilssg'afi‘ssrfiffi
482 1751 701 1820 ¹32¹1¹1⁸oe¹ifi15551³5
702 1750 1216 1834 kuss‘zffifflpssffii‘ssfiffiiriam?

151 1829 179 1860 la
199 1828 334 1867 praedic‘ta
357 1828 512 1867 procedere
530 1828 665 1859 haetenus
689 1828 730 1859 est
751 1829 866 1859 dilatum
882 1853 892 1867 ,
927 1831 955 1859 in
980 1830 1060 1866 ipsius
1081 1829 1213 1869 Episcopi

151 1866 324 1905 Dampnum
343 1877 403 1897 non
424 1867 573 1897 modicum
595 1868 629 1897 &
650 1866 830 1905 Gravamen,
851 1867 927 1898 unde
941 1867 1056 1905 Nobis,
1074 1877 1122 1903 per
1139 1867 1216 1897 Peti-

152 1907 264 1936 tionem
287 1905 380 1942 suam,
398 1906 428 1935 in
442 1905 542 1936 ultimo
554 1905 742 1936 Parliamento
756 1905 855 1937 nostro
868 1906 1036 1944 exhibitam,
1053 1905 1215 1946 supplicavit

154 1944 205 1975 sibi
227 1954 276 1981 per
290 1943 358 1974 Nos
373 1944 547 1975 Remedium
559 1943 684 1974 adhiberi
694 1967 704 1983 ,

193 1982 263 2013 Nos
275 1982 415 2019 (volentes
428 1983 456 2012 in
470 1982 613 2021 praemissis
627 1982 686 2012 fieri
700 1982 778 2021 quod
795 1982 836 2013 est
847 1982 967 2021 justum)
984 1983 1074 2013 Vobis
1095 1982 1218 2014 Manda-

155 2030 221 2052 mus
233 2021 314 2059 quod
349 2021 411 2051 visis
426 2020 567 2052 Recordo
589 2021 624 2052 &
647 2020 783 2052 Processu
806 2021 960 2059 praedie‘tis,
976 2022 1087 2052 ulterius
1106 2023 1133 2051 in
1156 2021 1218 2052 Lo-

153 2059 238 2096 quela
254 2069 290 2096 pr>
331 2059 403 2098 ieta,
421 2069 490 2090 cum
503 2059 536 2090 ea
549 2059 704 2097 celeritate,
722 2060 779 2097 qua
792 2059 948 2091 secundum
963 2059 1071 2098 Legem
1087 2061 1120 2092 &
1135 2059 1218 2091 Con-

155 2097 332 2129 suetudinem
353 2098 451 2135 Regni
472 2097 559 2128 nostri
580 2097 692 2134 Anglice
706 2097 765 2128 fieri
780 2099 900 2137 poterit,
918 2099 1090 2137 procedatis,
1108 2098 1218 2138 Allega-

158 2137 238 2167 tione
252 2137 285 2168 &
300 2136 494 2167 Conceffione
509 2136 614 2167 Auxilii
629 2136 720 2167 nostri
735 2137 875 2174 praeditstis
891 2147 950 2167 non
969 2137 1161 2176 obstantibus,
1181 2139 1219 2169 ita

155 2182 254 2205 tamen
269 2174 349 2212 quod
360 2175 551 2213 adjudicium
567 2175 635 2205 inde
650 2174 842 2214 reddendum,
855 2175 955 2206 Nobis
968 2176 1145 2215 inconsultis,
1156 2177 1219 2207 nul-

155 2212 263 2244 latenus
278 2213 456 2251 procedatur.

157 2251 291 2321 νεῐξξίζε
311 2251 393 2292 Rege
412 2250 486 2294 apud
508 2250 800 2284 Westmonasterium
815 2275 825 2292 ,
849 2252 965 2284 decimo
988 2253 1063 2285 sexto
1085 2253 1131 2284 die
1149 2252 1219 2284 No-

248 2300 292 2321 ris.

598 2399 601 2402 .
615 2373 669 2401 Per
680 2372 839 2400 petitionem
851 2369 884 2400 de
898 2368 1091 2400 Parliamento.

212 2507 270 2538 Pro
287 2503 509 2552 Archiepiftopo
529 2504 685 2550 Elorum,
705 2507 742 2540 de
752 2507 970 2554 fitpervidendo
988 2508 1149 2554 Collegium
1162 2534 1171 2550 ,

401 2565 542 2588 vocatum
564 2555 594 2588 la
610 2555 785 2604 Quenehall
800 2560 831 2588 in
850 2558 981 2590 Oxonia.

165 2637 303 2694 REX,
325 2636 433 2670 diletffis
451 2639 516 2678 sibi,
540 2639 682 2681 Praepofito
703 2640 741 2676 ὠ»
761 2640 910 2671 Scolarihus
931 2640 1051 2680 Collegii,
1077 2643 1171 2674 vocati
1192 2640 1221 2671 la

240 2676 428 2716 Qenehalle,
444 2678 531 2709 nostri
548 2678 731 2718 patronatus,
749 2681 778 2710 in
791 2679 919 2716 Oxonia,
939 2680 1072 2711 Salutem.

200 2713 280 2744 Cum
302 2716 331 2745 in
353 2715 466 2747 Statutis
485 2717 519 2747 &
541 2716 773 2749 Ordinationibus
794 2717 880 2748 Colle
901 2720 918 2748 ii
938 2719 1065 2755 praedic'ti
1080 2743 1088 2757 ,
1120 2728 1221 2748 coram

164 2751 264 2781 Nobis
276 2753 308 2782 &
322 2752 458 2784 Concilio
472 2754 589 2794 nostro,
607 2765 655 2793 per
669 2767 721 2787 vos
744 2757 870 2794 (praefate
881 2729 1057 2795 gpraeposite)
1078 2757 1114 2786 de
1136 2757 1223 2787 Man-

163 2789 231 2819 dato
247 2790 362 2829 nostro,
379 2802 468 2832 nuper
481 2793 609 2824 exhibitis
625 2793 671 2831 (ad
685 2804 809 2832 quorum
830 2795 1021 2825 inviolabilem
1040 2795 1223 2826 Observatio-

164 2837 232 2858 nem
249 2827 355 2859 astricti
369 2829 433 2860 estis
446 2831 625 2862 &tenemini
638 2832 735 2871 singuli
753 2833 874 2863 Vinculo
885 2833 1053 2871 juramenti)
1075 2834 1146 2863 inter
1167 2843 1223 2865 cae-

165 2875 240 2904 tera,
257 2869 432 2898 contineatur
449 2869 545 2907 quod,

204 2905 419 2946 Archiepisc'opm
435 2907 556 2936 Eburum
592 2918 646 2946 pro
659 2917 790 2947 tempore
810 2909 946 2948 existens,
965 2910 1073 2941 Statum
1099 2909 1224 2950 Collegii

165 2943 292 2983 praediCti
306 2944 497 2984 supervidere,
515 2956 548 2976 ac
563 2930 751 2985 l'raepofitum
766 2948 904 2987 ejusdem,
921 2958 989 2978 cum
1002 2949 1106 2978 elee‘cus
1126 2950 1224 2988 fucrit,

160 2981 364 3021 Confirmare,
378 2985 410 3015 ὃ(
425 2985 453 3013 in
471 2984 636 3022 quibusdam
652 2986 756 3017 casibus
771 2987 942 3025 Deponere,
962 2987 1176 3026 Discordiasque
1190 2990 1223 3019 ὃς

165 3020 375 3052 Contentiones
398 3022 598 3062 omnimodas,
622 3024 727 3055 ibidem
751 3025 874 3063 habitas,
900 3027 945 3056 vel
968 3025 1134 3064 Habendas,
1160 3037 1225 3064 quae

165 3069 216 3097 per
230 3059 415 3098 Praepositum
428 3061 461 3091 &
476 3061 601 3092 Scolares
616 3061 741 3100 Collegii
754 3063 882 3104 praedic‘ti
895 3064 1053 3095 commode
1065 3064 1150 3095 sedari
1165 3075 1226 3096 non

167 3105 321 3138 poterunt,
336 3098 458 3130 Censere
472 3099 602 3133 debet&
618 3102 805 3139 Terminare,

206 3136 251 3165 Ac
262 3137 320 3174 jam
329 3159 339 3174 ,
352 3138 524 3168 Venerabilis
538 3139 636 3177 Pater,
655 3139 817 3170 Alexander
831 3141 1048 3180 Archiepifcopus
1065 3141 1200 3181 Eborum,

205 3172 384 3211 Perpendens
398 3185 527 3206 enormes
541 3176 679 3209 Defectus
691 3180 719 3209 in
727 3179 794 3210 Coll
833 3182 860 3210 io
873 3180 1010 3219 praeditsto
1024 3188 1148 3219 patenter
1161 3183 1228 3211 imi-

167 3219 253 3250 nere,
273 3221 307 3256 ac
327 3213 456 3250 quaedam
478 3214 571 3253 Lites,
597 3215 777 3254 Discordias,
797 3189 1020 3257 {ltercationeQ
1046 3219 1174 3258 Injurias,
1193 3221 1226 3251 &

168 3248 280 3318 Debag}
291 3258 362 3281 inter
377 3251 436 3282 Vos
451 3251 543 3283 habita
563 3254 596 3285 ὃς
621 3253 732 3286 suborta
753 3256 851 3294 fuisse,
869 3259 902 3290 &
921 3258 1013 3289 adhuc
1030 3257 1147 3289 existere
1166 3268 1227 3289 non

169 3297 251 3319 corre
281 3298 296 3319 a

207 3311 355 3371 Qosd'am
368 3326 539 3372 sufficientes·
549 3328 694 3369 Clericos,
712 3330 932 3364 Commissarios
946 3334 1007 3365 suos
1017 3358 1025 3373 ‚
1043 3335 1077 3366 ad
1093 3336 1180 3367 Vices
1194 3336 1228 3367 &

170 3363 312 3395 Officium
324 3366 446 3396 suumin
460 3368 612 3407 omnibus,
630 3379 695 3407 quae
707 3369 870 3407 Collegium
883 3372 949 3402 illud
970 3382 1164 3412 concernunt,
1183 3374 1230 3404 vel

169 3411 345 3446 concernere
359 3413 508 3444 poterunt,
522 3407 599 3444 juxta
611 3407 718 3438 statuta
731 3409 763 3439 &
785 3409 986 3440 Ordinationes
1010 3411 1161 3451 praediCta,
1179 3412 1230 3442 de-

169 3440 230 3484 bit'e
247 3441 407 3473 faciendum
422 3444 456 3474 &
471 3444 693 3483 excercendum,
711 3446 886 3484 deputaverit
900 3448 933 3479 &
953 3448 1139 3488 assignaverit,
1159 3450 1228 3481 ficut

170 3478 248 3537 ιάξξη
247 3479 503 3547 1χιῘᾹΥε11κη)1ί“<;οΡιιε
517 3483 597 3513 nobis
609 3483 649 3514 est
661 3483 822 3516 testificatus
831 3509 840 3523 ,

284 3527 332 3557 os,

209 3556 271 3594 Qii
290 3557 366 3588 dieta
384 3556 489 3588 Statuta
507 3558 541 3588 &
562 3558 776 3598 Ordinationes,
799 3561 901 3600 absque
922 3563 1076 3595 violatione
1111 3564 1229 3596 firmiter

168 3594 327 3633 observari,
352 3596 385 3627 &
409 3605 478 3633 VOS,
500 3595 566 3627 licet
588 3598 708 3636 invitos,
731 3600 759 3629 in
781 3610 870 3631 unum
884 3625 894 3639 ,
919 3610 1051 3640 tanquam
1072 3605 1174 3634 socios
1195 3605 1228 3635 ὃς

168 3632 349 3671 Confratres,
366 3634 516 3664 annectere
529 3634 661 3666 volumus
672 3637 705 3667 ὃς
719 3638 812 3677 unire,

209 3670 316 3709 Vobis,
333 3671 483 3702 districtius
497 3683 556 3710 quo
576 3674 730 3711 poterimus
749 3676 936 3716 injungendo,
956 3678 1127 3710 Mandamus
1148 3681 1228 3717 quod

172 3709 272 3740 eadem
291 3710 395 3741 Statura
418 3711 451 3741 ὃς
469 3710 670 3742 Ordinationes
682 3734 692 3750 ,
718 3713 877 3753 singulaque
897 3725 1030 3747 contenta
1050 3719 1079 3747 in
1101 3718 1203 3749 eisdem
1218 3743 1228 3756 ,

171 3746 333 3780 Observetis
346 3750 379 3780 &
393 3749 497 3779 faciatis
511 3749 630 3779 fideliter
641 3750 797 3791 observari,
818 3754 851 3784 &
872 3754 964 3784 eidem
988 3755 1230 3795 ArchiepiscopO,

171 3793 204 3814 ac
219 3784 425 3818 Commiffariis
439 3787 506 3824 suis,
526 3789 554 3817 in
568 3787 712 3825 praemiffis
725 3791 857 3821 omnibus
869 3801 901 3821 ac
917 3792 997 3823 licitis
1019 3796 1053 3825 &
1074 3794 1229 3826 Canonicis

173 3823 306 3855 mandatis
326 3826 394 3865 suis,
414 3827 544 3864 pareatis,
561 3826 724 3863 intendatis,
747 3828 781 3858 &
801 3828 934 3860 obediatis
950 3831 1027 3869 juxta
1051 3832 1229 3864 Sacramenta

171 3860 282 3900 vestra,
300 3872 332 3893 ac
350 3865 427 3902 vim,
445 3865 588 3903 formam,
604 3867 638 3897 ὅ(
659 3865 798 3897 είῖεᾶυσι
820 3867 997 3900 Statutorum
1018 3871 1050 3901 &
1065 3870 1230 3903 Ordinatio-

170 3907 241 3929 num
256 3900 472 3940 praedictorum,

210 3936 259 3966 Ab
271 3947 372 3969 eorum
386 3939 562 3980 Cognitione
574 3942 620 3973 vel
632 3942 793 3982 Sententia,
810 3951 911 3975 contra
925 3944 1117 3986 Sacramenta,
1135 3947 1230 3980 Statu-

172 3982 216 4013 ra,
233 3975 267 4006 &
281 3975 480 4023 Ordinationes
490 3981 552 4019 illa,
566 3981 669 4013 frivole
688 3981 734 4014 vel
755 3982 880 4015 indebite
898 3993 960 4015 non
979 3994 1166 4024 provocantes
1185 3988 1231 4020 vel

172 4013 499 4086 ψὲῗοιφιῖῃῑιειειῗὶῗωῖιῗ
499 4018 558 4051 odo
566 4042 577 4059 ’

1259 132 1289 176 P
1330 133 1372 177 U
1414 134 1447 176 B
1487 131 1519 175 L
1556 135 1575 177 1
1614 135 1652 176 C
1693 136 1738 176 Α.
2268 147 2311 189 5⁹1

1300 221 1337 252 Et
1353 222 1591 261 Provocationes,
1611 223 1629 253 fi
1646 230 1709 261 quae
1724 232 1772 261 per
1788 231 1840 253 vos
1860 220 1904 252 vel
1925 222 2045 261 aliquem
2067 216 2193 254 vestrfim
2215 218 2244 253 in
2264 223 2317 255 hac

1261 270 1338 298 parte
1352 261 1435 290 faffitae
1448 261 1567 300 fuerint,
1584 261 1642 292 fine
1655 261 1788 292 dilatione
1801 262 1924 291 revocari
1939 263 1972 293 &
1986 261 2119 292 adnullari
2131 261 2253 300 faciatis,

1299 298 1423 329 Scientes
1437 309 1489 337 pro
1503 309 1583 330 certo
1598 300 1696 338 quod,
1715 300 1734 330 li
1748 301 1830 330 vobis
1847 299 1980 330 Rebellio
1995 300 2040 330 vel
2056 299 2194 331 Defectus
2208 301 2237 329 in
2259 300 2313 332 hac

1262 345 1339 374 parte
1352 339 1516 376 reperiatur,
1531 349 1596 376 vos,
1615 339 1691 376 quasi
1708 338 1791 378 Regii
1806 337 1934 368 Mandati
1954 337 2179 376 Contemptores
2197 340 2232 370 ὃς
2253 335 2315 380 Re-

1260 375 1343 404 belles
1362 376 1492 413 nostros,
1518 377 1605 406 taliter
1624 378 1714 414 puniri
1734 377 1884 414 faciemus,
1903 376 1984 414 quod
2008 376 2121 407 Punitio
2143 376 2236 408 vestra
2258 378 2318 407 aliis

1259 414 1394 481 omnibus
1414 414 1495 482 Sedet
1514 415 1691 452 perhenniter
1710 417 1739 445 in
1761 416 1918 446 Terrorem
1940 414 2097 445 consimilia
2125 415 2314 454 postmodum

1259 461 1316 490 prae
1327 461 1412 481 umen
1434 463 1452 481 1.

1295 489 1384 520 Teste
1396 490 1478 530 Rege
1489 490 1563 528 apud
1579 491 1882 530 Westmonasterium,
1897 492 1973 522 xviii.
1992 491 2039 521 die
2053 490 2240 523 Novembris.

1261 566 1350 627 ET
1365 566 1524 597 mandatum
1540 566 1580 596 est
1596 564 1774 598 Cancellario
1787 567 1985 598 Univerfiratis
1998 567 2141 606 Oxoniae,
2160 579 2193 600 ac
2210 568 2317 608 Maiori

1338 604 1458 642 ejusdem
1481 604 1582 642 Villae,
1601 605 1680 643 quod
1696 606 1892 636 omnimodam
1904 608 1963 636 vim
1980 607 2111 644 Laicam,
2131 607 2150 636 ii
2165 618 2247 645 quae,
2265 617 2315 645 per

1260 643 1457 709 {noscumque
1470 642 1599 673 Clericos
1618 644 1663 673 vel
1686 643 1802 682 Laicos,
1822 645 2064 682 qualitercumque
2085 645 2157 675 faeta
2179 646 2259 675 fuerit
2279 645 2315 676 ad

1291 681 1458 711 esistendum
1474 683 1590 718 praefato
1603 681 1825 721 Archiepiscopo
1842 682 1886 712 vel
1901 681 2104 713 Commissariis
2119 683 2187 722 suis,
2205 691 2251 714 aut
2272 685 2316 721 ip-

1260 718 1302 748 sos
1318 720 1536 757 perturbandum
1552 721 1704 757 quominus
1722 721 1769 758 ipsi
1789 719 1929 751 Officium
1949 721 2045 760 suum,
2064 723 2136 759 iufrta
2158 722 2264 752 Statura
2281 722 2316 752 &

1259 755 1460 787 Ordinationes
1474 758 1623 796 madreia,
1640 768 1789 788 excercere
1802 767 1951 796 poterunt,
1971 759 2028 789 sine
2040 761 2173 790 dilatione
2190 761 2317 790 amoveri

1259 794 1376 832 faciant,
1395 796 1428 826 &
1440 796 1533 826 eidem
1549 797 1773 834 Archiepiscopo
1785 799 1818 829 &
1831 797 2036 827 Commillariis
2052 800 2102 828 suis
2115 798 2270 836 praediffls,
2285 800 2316 828 in

1258 833 1404 870 praemiffis
1417 834 1546 864 faciendis
1561 835 1594 865 &
1610 835 1795 873 exequendis,
1814 834 1998 865 Consulentes
2015 836 2316 874 lint,Respondente8,

1258 872 1293 902 &
1314 871 1483 902 Auxiliantes
1503 875 1633 910 quotiens
1651 874 1685 905 &
1707 882 1808 912 prout,
1826 884 1875 912 per
1895 873 1981 913 ipsos,
1999 874 2079 911 super
2098 875 2174 913 hoc,
2193 874 2314 913 requisiti

1258 909 1360 939 fuerint
1372 919 1406 939 ex
1418 919 1495 949 parte
1508 911 1606 951 Regis.

1297 947 1386 978 Teste
1400 950 1528 987 utsupra.

1337 1092 1394 1123 Pro
1417 1087 1568 1122 Riclmrdo
1584 1093 1719 1136 Principe
1735 1091 1844 1124 llizlliae
1856 1117 1866 1133 ,
1891 1090 1928 1124 de
1945 1093 2047 1124 Terris
2061 1091 2234 1127 liberandis.

2336 220 2411 254 Ami.
2421 218 2461 254 D,

2354 262 2440 299 13760

2334 302 2399 328 sav.
2420 307 2447 336 3,

1259 1181 1395 1237 REX,
1413 1181 1518 1213 dileCm
1534 1182 1600 1220 sibi,
1619 1183 1723 1212 David
1730 1182 1886 1221 Craddock,
1904 1183 2070 1214 Camerario
2084 1184 2133 1215 suo
2149 1185 2177 1215 in
2194 1186 2316 1225 partibus
2335 1179 2461 1211 Antii).

1337 1217 1535 1251 Nortbwalliae
1545 1245 1553 1256 ,
1573 1220 1706 1250 Salutem.

2357 1219 2441 1257 1376.

1295 1256 1374 1288 Cum
1390 1268 1459 1298 nos,
1477 1259 1513 1289 de
1529 1259 1626 1289 Gratia
1639 1258 1733 1289 nostra
1747 1259 1871 1297 speciali,
1888 1269 1921 1290 ac
1936 1260 1972 1290 de
1986 1259 2114 1291 Consilio
2130 1263 2163 1292 ὃς
2179 1263 2315 1295 consensu
2331 1262 2383 1285 An.
2400 1268 2447 1293 50⁶

1257 1294 1461 1336 Praeiatorum,
1480 1297 1618 1335 Ducum,
1630 1297 1791 1328 'Comitum
1806 1299 1839 1330 &
1855 1298 2016 1337 Baronum,
2033 1299 2215 1340 Richardum,

1291 1332 1388 1364 Filium
1412 1334 1449 1369 (ἐν
1470 1337 1612 1365 Haeredem
1632 1337 1788 1373 Edwardi,
1812 1347 1899 1374 nuper
1920 1338 2049 1375 Principis
2072 1338 2194 1377 Walliae,

2330 1301 2360 1323 E.
2406 1317 2411 1322 .

2220 1340 2314 1372 Ducis
2327 1306 2462 1370 mass-50⁵

1256 1370 1416 1403 Cornubiae
1429 1375 1462 1404 ὅ(
1479 1374 1602 1405 Comitis
1614 1373 1749 1413 Cestriae,
1764 1375 1951 1414 Primogeniti
1963 1376 2068 1414 nostri,
2078 1378 2136 1415 jam
2152 1377 2295 1417 defuneti,
2327 1377 2357 1400 Ε·
2367 1380 2424 1409 34>—
2436 1382 2462 1399 ἓ·

1290 1410 1483 1442 PRINCIPEM
1503 1413 1662 1443 WALLIAE
1683 1413 1807 1443 DucEM
1830 1413 2023 1445 CORNUBIAE
2037 1437 2046 1453 ,
2075 1417 2109 1447 &
2137 1415 2311 1448 CoM1TEM
2329 1421 2365 1439 m.
2382 1420 2410 1439 ²·

1256 1447 1418 1480 CESTRIAE
1434 1449 1672 1482 Facmmus&
1683 1450 1936 1482 CREAVERIMUS

1292 1487 1346 1526 Et,
1366 1499 1414 1526 per
1438 1489 1544 1519 Literas
1567 1488 1675 1519 nostras
1701 1490 1846 1526 Parentes,
1864 1492 1923 1520 tam
1942 1474 2021 1520 buas
2034 1491 2128 1522 Partes
2142 1494 2226 1523 totius
2245 1494 2316 1525 dieti

1254 1525 1453 1565 Principatsis,
1478 1529 1759 1595 cumssertinentiis,
1785 1530 1813 1557 in
1835 1528 2040 1566 Nortliwallia,
2067 1530 2257 1570 Westwallia,
2280 1534 2315 1564 δε

1255 1564 1430 1603 Suthwallia,
1449 1567 1534 1603 quam
1591 1576 1635 1595 uas
1657 1574 1745 1603 partes
1768 1565 1898 1596 Ducatfis
1920 1566 2076 1598 Cornubiae
2097 1570 2130 1600 &
2151 1569 2316 1602 Comitatus

1257 1601 1376 1633 Cestriae
1396 1605 1596 1641 praediciorum
1612 1628 1621 1641 ,
1647 1614 1679 1634 ac
1703 1603 1881 1635 Comitatum
1901 1604 1937 1634 de
1959 1605 1989 1635 Fl
2012 1614 2041 1636 nt
2063 1607 2220 1646 integrum,
2247 1619 2316 1640 cum

1256 1643 1448 1680 pertinentiis,
1465 1644 1498 1674 &
1513 1642 1591 1672 Duas
1606 1642 1699 1673 Partes
1711 1644 1843 1674 omnium
1858 1644 1977 1673 aliorum
2023 1653 2145 1675 erratum
2164 1647 2197 1677 ὃς
2219 1646 2319 1678 Tene-

1258 1689 1423 1711 mentorum
1438 1682 1467 1710 in
1484 1681 1600 1719 Anglia,
1618 1683 1678 1712 tam
1698 1681 1792 1711 eidem
1815 1681 1941 1712 Ducatui
1963 1683 2160 1719 pertinentium
2182 1684 2238 1714 sive
2258 1685 2318 1722 spe-

1258 1719 1413 1757 (stantium,
1432 1719 1518 1757 quam
1531 1720 1652 1750 aliorum
1668 1729 1931 1758 quorumcumque,
1950 1730 2014 1758 quae
2035 1721 2146 1752 fuerunt
2164 1721 2233 1753 dieti
2255 1723 2318 1753 Filii

1259 1757 1349 1787 nostri
1368 1758 1505 1787 Edwardi
1518 1783 1527 1795 ,
1555 1768 1643 1796 nuper
1664 1760 1756 1787 Princi
1772 1761 1794 1787 is
1811 1780 1818 1791 ‚
1844 1760 1900 1789 una
1921 1768 1989 1789 curn
2013 1759 2187 1790 Reversione
2206 1761 2318 1792 Tertiae

1260 1795 1348 1826 Partis
1362 1792 1536 1834 Principatiis
1550 1795 1681 1827 Ducatfis
1693 1797 1726 1828 &
1794 1796 1922 1835 mitatsis,
1939 1807 1972 1827 ac
1987 1797 2143 1828 Terrarum
2165 1800 2199 1830 &
2221 1800 2320 1830 Tene-

1259 1843 1424 1864 mentorum
1438 1835 1623 1872 eorumdem,
1641 1845 1705 1872 quae
1718 1835 1871 1873 Johanna,
1892 1846 1956 1874 quae
1969 1836 2020 1865 fuit
2041 1838 2116 1866 Uxor
2129 1836 2246 1876 praefatt'
2265 1849 2319 1869 nu-

1281 1883 1309 1902 er
1330 1874 1479 1911 Principis,
1501 1876 1598 1902 Mater
1618 1871 1730 1912 ejusdem
1752 1873 1882 1903 Richardi
1894 1898 1904 1911 ,
1927 1874 2022 1904 Tenet
2043 1875 2071 1904 in
2090 1875 2202 1906 Dotem
2216 1898 2227 1915 ,
2251 1877 2318 1915 post

1302 1920 1396 1942 ortem
1408 1912 1489 1949 ipfius
1504 1922 1593 1949 nuper
1606 1911 1762 1949 PrincipiS,
1780 1921 1814 1942 ex
1829 1911 2022 1951 Affignatione
2036 1913 2145 1951 nostra,

1297 1949 1466 1980 HABENDA
1481 1951 1514 1981 ὃ(
1529 1950 1700 1981 TENENDA
1715 1949 1764 1980 sibi
1789 1951 1823 1982 ὃς
1843 1950 2012 1981 Haeredibus
2033 1951 2084 1982 suis
2107 1952 2235 1992 Regibus
2257 1953 2320 1984 An-

1260 1987 1324 2027 gliae
1337 1988 1611 2027 IMPERPETUUM,
1629 1990 1684 2019 una
1699 1997 1766 2019 cum
1778 1989 1912 2019 omnibus
1925 1990 1981 2020 aliis
2003 1989 2191 2029 Honoribus,
2210 1991 2320 2023 Domi-

1261 2027 1330 2065 niis,
1355 2026 1690 2074 Castris2invitatibus,
1714 2026 1813 2064 Burgis
1858 2026 1955 2065 Villis,
1980 2026 2134 2067 Maneriis,
2159 2029 2320 2070 Membris,

1261 2064 1447 2104 Hamelettis,
1472 2074 1487 2096 1
1498 2067 1580 2105 erris,
1596 2066 1801 2103 Tenementis,
1819 2050 1921 2096 ss'eodis
1934 2065 2080 2106 Militum,
2095 2069 2129 2099 δε
2144 2067 2321 2100 Advocatio—

1264 2104 1345 2134 nibus
1360 2103 1564 2143 Ecclesiarum,
1583 2105 1642 2135 tam
1656 2103 1827 2143 Intrinsecis‚
1848 2104 1935 2142 quam
1948 2105 2022 2143 aliis,
2040 2105 2152 2137 diversis
2172 2106 2323 2139 Libertati-

1263 2142 1316 2173 bus
1330 2144 1363 2174 δε
1377 2142 1488 2173 Liberis
1501 2142 1776 2181 Consuetudinibus,
1787 2144 1815 2173 in
1830 2142 1911 2173 dietis
1926 2143 2024 2174 Literis
2038 2144 2139 2175 nostris
2151 2145 2322 2185 specificans,

1264 2181 1298 2211 &
1319 2182 1453 2212 omnibus
1474 2181 1544 2221 aliis,
1571 2182 1630 2213 tam
1650 2181 1684 2212 ad
1708 2181 1857 2219 praedictos
1877 2181 2069 2220 principatum
2085 2206 2094 2222 ‚
2120 2183 2266 2215 Ducatum
2286 2187 2320 2217 &

1261 2218 1442 2250 Comitatum
1451 2221 1552 2259 ,quam
1565 2220 1600 2250 ad
1613 2220 1696 2258 Nos,
1708 2222 1737 2250 in
1750 2219 1832 2250 dietis
1847 2220 1989 2258 Partibus,
1998 2221 2094 2251 Terris
2107 2222 2141 2252 &
2154 2222 2321 2253 Tenemen-

1263 2258 1314 2294 tis,
1332 2257 1520 2296 speffitantibus
1534 2258 1759 2298 quoquomodo,
1771 2258 1844 2288 adeo
1861 2259 1982 2296 plenarie
1996 2259 2029 2290 &
2043 2261 2151 2298 integre
2166 2260 2236 2292 sicut
2248 2272 2321 2299 prae-

1262 2296 1355 2327 dictus
1370 2296 1454 2328 Filius
1468 2297 1563 2328 noster
1579 2298 1754 2335 Edwardus,
1772 2299 1910 2336 Princeps,
1928 2299 2014 2328 Pater
2023 2299 2151 2336 praedilli
2172 2299 2320 2339 Richardt,

1264 2334 1335 2365 dum
1349 2336 1434 2375 vixit,
1453 2346 1485 2366 ea
1495 2336 1584 2368 tenuit

1301 2373 1383 2404 Salva
1405 2374 1548 2413 praedictae
1566 2360 1724 2413 J'ohannae,
1744 2384 1834 2413 nuper
1855 2377 1942 2405 Uxori
1956 2374 2080 2413 praediai
2102 2377 2245 2416 Principis,
2262 2378 2323 2408 t'am

1265 2412 1347 2443 Dote
1358 2412 1422 2450 sua,
1441 2413 1491 2443 fibi
1507 2415 1581 2452 prius
1594 2414 1661 2444 inde
1673 2424 1721 2451 per
1736 2413 1804 2443 Nos
1819 2413 1978 2452 Affignata,
1997 2415 2083 2451 quam
2101 2414 2181 2445 Dore
2196 2415 2261 2454 sua,
2275 2415 2324 2453 Ip-

1265 2452 1339 2488 sam,
1357 2450 1392 2481 de
1406 2451 1507 2482 Feodis
1521 2454 1554 2484 &
1570 2452 1811 2482 Advocationibus
1824 2452 1979 2490 praedietis,
1997 2452 2151 2483 secundum
2166 2454 2275 2490 Legem
2288 2455 2323 2486 &

1265 2488 1510 2558 Ponsugtudinem
1531 2491 1628 2529 Regni
1649 2490 1737 2521 nostri
1759 2491 1886 2530 Angliae,
1903 2492 2104 2530 contingente,
2122 2502 2170 2530 per
2185 2492 2253 2523 Nos
2269 2493 2324 2523 As-

1277 2540 1284 2558 i
1306 2539 1358 2558 nan
1381 2540 1410 2566 a,

1286 2536 1323 2587 g*
1342 2566 1446 2598 Eidem
1468 2568 1662 2599 RicARDo
1680 2569 1739 2607 jam
1763 2567 2021 2600 DEDERiMus
2044 2570 2078 2600 &
2096 2566 2324 2600 Concessa-

1266 2615 1289 2637 R
1300 2615 1311 2635 1
1323 2614 1349 2636 M
1359 2615 1381 2636 U
1391 2616 1402 2637 s
1411 2629 1420 2644 ,

1304 2645 1406 2675 Feodis
1419 2645 1616 2676 Dominorum
1631 2644 1786 2682 Marchiae,
1806 2646 1854 2682 qui
1869 2646 1905 2675 ab
1919 2646 2035 2683 antiquo
2050 2654 2200 2677 tenuerunt
2213 2646 2248 2677 de
2263 2646 2326 2677 Co-

1266 2694 1351 2721 rona,
1369 2693 1402 2714 ac
1418 2684 1617 2714 Advocatione
1637 2684 1771 2714 Ecclesiae
1791 2684 1964 2714 Cathedralis
1987 2684 2187 2723 Menevenlis,
2206 2695 2271 2723 quae
2289 2686 2326 2716 ab

1266 2723 1382 2760 antiquo
1397 2720 1528 2759 pertinuit
1543 2722 1576 2752 ad
1593 2721 1759 2760 Coronam,
1777 2720 1874 2752 Nobis
1887 2722 2028 2753 dumtaxat
2042 2723 2215 2762 Reservatis,

1302 2759 1391 2790 Prout
1407 2762 1437 2790 in
1453 2760 1550 2791 Literis
1566 2760 1667 2791 nostris
1682 2761 1821 2799 praedidiis
1838 2761 1946 2798 plenius
1959 2762 2136 2800 continetur,

1303 2798 1395 2829 Vobis
1409 2799 1579 2830 Mandamus
1593 2799 1674 2837 quod
1689 2799 1781 2829 eidem
1798 2799 1918 2836 Principi
1939 2801 2035 2829 omnia
2057 2800 2157 2830 Terras
2175 2800 2208 2830 &
2229 2800 2328 2831 Tene-

1267 2846 1378 2873 menta,
1397 2848 1465 2868 cum
1487 2837 1680 2876 Pertinentiis,
1699 2839 1726 2867 in
1751 2837 1852 2867 Balliva
1872 2836 1978 2874 vestra,
1997 2847 2061 2873 quae
2073 2838 2185 2868 fuerunt
2201 2839 2327 2875 praedicti

1269 2885 1357 2913 nuper
1372 2876 1525 2914 Principis,
1540 2878 1573 2908 &
1587 2886 1651 2912 quae
1666 2876 1786 2913 praefatoe
1797 2874 1938 2913 Johannae
1953 2876 1982 2905 in
1998 2875 2109 2906 Dotem
2123 2876 2252 2912 assignata
2265 2885 2326 2907 non

1267 2913 1402 2953 existunt,
1428 2916 1484 2945 una
1506 2925 1573 2945 cum
1592 2914 1780 2951 Honoribus,
1806 2913 1966 2952 Dominiis,
1993 2913 2119 2951 Castris,
2137 2913 2326 2953 Civitatibus,

1267 2952 1380 2992 Burgis,
1407 2954 1500 2990 villis,
1524 2951 1675 2990 Maneriis,
1700 2951 1860 2989 Membris,
1884 2950 2069 2989 Hamelettis,
2093 2953 2208 2991 Terris,
2226 2953 2327 2983 Tene-

1268 2993 1386 3029 mentis,
1405 2992 1506 3022 Feodis
1522 2989 1667 3027 Militum,
1683 2991 1716 3022 ὃς
1730 2990 1976 3020 Advocationibus
1991 2990 2177 3021 Ecclesiarum
2187 3015 2197 3029 ,
2210 2992 2270 3022 tarn
2283 2992 2327 3022 in-

1267 3030 1404 3097 trigisecis,
1422 3035 1507 3068 quam
1520 3029 1592 3066 aliis,
1610 3028 1734 3068 ibidem,
1753 3039 1786 3059 ac
1801 3029 1991 3059 Libertatibus
2007 3031 2040 3061 &
2063 3029 2174 3060 Liberis
2196 3028 2325 3061 Consue-

1269 3076 1298 3098 tu
1320 3069 1410 3099 inibus

1307 3092 1469 3144 Praedieiis,
1484 3105 1585 3136 Feodis
1602 3104 1804 3135 Dominorum
1815 3104 1972 3143 Marchiae,
1981 3106 2036 3173 gui
2050 3106 2085 3135 ab
2098 3107 2215 3143 antiquo
2229 3113 2326 3136 tenue-

1269 3154 1333 3176 runt
1354 3145 1390 3176 de
1405 3145 1539 3179 Corona,
1558 3153 1590 3173 ac
1610 3143 1811 3174 Advocatione
1832 3143 1965 3174 Ecclesiae
2012 3144 2153 3174 athedralis
2168 3143 2327 3174 Meneveri-

1270 3184 1321 3221 sis,
1339 3194 1404 3222 quae
1423 3185 1457 3214 ab
1479 3183 1596 3220 antiquo
1617 3183 1749 3220 pertinuit
1770 3181 1805 3212 ad
1818 3180 1984 3220 Coronam,
2000 3181 2098 3213 Nobis
2110 3182 2252 3213 dumtaxat
2265 3181 2326 3211 Re-

1268 3222 1379 3253 servatis

1307 3246 1435 3292 Necrion
1450 3259 1544 3290 Exitus
1560 3259 1594 3289 &
1608 3257 1740 3289 Proficua
1754 3268 1964 3297 quaecumque,
1984 3258 2049 3289 inde
2062 3269 2076 3289 a
2091 3267 2220 3295 tempore
2240 3256 2326 3288 Mor-

1270 3300 1305 3330 tis
1320 3299 1444 3338 praediffi
1461 3307 1549 3333 nuper
1563 3296 1700 3335 Principis
1732 3297 1955 3335 naliter-cumque
1974 3298 2164 3334 provenientia
2182 3297 2264 3332 (quos
2288 3296 2328 3326 ei-

1271 3337 1337 3367 dem
1353 3338 1476 3374 Principi
1493 3335 1652 3366 Danuvius
1665 3338 1698 3368 &
1711 3307 1953 3372 ἓὲοΝςΕεεῐΜυε)
1978 3335 2115 3365 Liberetis
2136 3334 2180 3364 seu
2202 3333 2327 3365 Libe-rari

1271 3376 1473 3412 Demandetis,
2257 3411 2262 3416 ἡ

1309 3414 1340 3444 H
1350 3424 1369 3444 A
1379 3424 1398 3445 Β
1408 3425 1425 3445 E
1435 3422 1456 3444 N
1466 3422 1513 3442 DA
1534 3412 1613 3450 juxta
1633 3412 1784 3444 Tenorem
1807 3411 1966 3442 Literarum
1987 3410 2146 3441 nostrarum
2176 3410 2324 3448 praedrCta-

1271 3463 1336 3483 rum
1351 3463 1357 3482 t

1309 3490 1449 3521 Volumus
1472 3489 1547 3519 enim
1567 3487 1630 3518 Vos
1651 3488 1718 3518 inde
1739 3498 1806 3525 erga
1824 3487 1892 3518 Nos
1913 3488 2078 3525 exonerari,
2113 3486 2194 3518 Salva
2216 3487 2325 3525 semper

1271 3530 1393 3567 praefatae
1407 3528 1548 3568 Johannae
1564 3527 1718 3556 rationabili
1732 3526 1812 3556 Dore
1825 3525 1871 3556 sua
1886 3526 2028 3562 praediet-a.

1308 3567 1397 3598 Teste
1418 3567 1497 3605 Rege
1518 3564 1591 3603 apud
1613 3564 1768 3604 Haveryng
1788 3574 1843 3596 atte
1856 3563 1964 3602 Boure,
1982 3563 2116 3595 vicesimo
2131 3563 2177 3594 die
2189 3563 2325 3596 Novem*

1290 3616 1332 3636 ris.

1268 3605 1289 3637 b
1956 3642 2008 3670 Per
2023 3640 2104 3679 ipsum
2119 3643 2222 3677 Regem.

1310 3720 1466 3751 Confimile
1480 3718 1569 3749 Breve
1583 3718 1710 3757 dirigitur
1723 3719 1829 3755 Hugoni
1845 3718 1875 3746 de
1890 3719 1986 3755 Tange,
2006 3716 2171 3748 Camerario
2184 3716 2276 3754 Regis
2296 3717 2327 3747 in

1272 3760 1395 3800 partibus
1408 3757 1594 3794 Suthwalliae,
1613 3757 1663 3787 sub
1674 3757 1774 3787 eadem
1790 3755 1873 3786 Data.

1310 3834 1475 3866 Consimilis
1487 3833 1570 3863 etiam
1587 3832 1684 3863 Brevia
1695 3832 1852 3869 diriguntur
1864 3831 2020 3868 subscriptis
2030 3854 2038 3868 ,
2051 3831 2098 3861 sub
2106 3831 2179 3874 Data
2191 3831 2328 3870 subscrip*

1271 3873 1434 3943 {zffifizioblsgue
1448 3872 1492 3902 illa
1506 3870 1649 3908 Clausala,
1665 3872 1756 3901 Feodis
1771 3873 1945 3900 Dominarum
1960 3869 2110 3908 Marchiae,
2127 3875 2188 3904 σφι.
2206 3873 2234 3900 in
2243 3871 2327 3901 Con-

1402 3935 1412 3949 ἱ

1309 3987 1416 4018 Thomae
1431 3984 1554 4024 Illeston,
1573 3984 1714 4018 Escaetori
1726 3985 1776 4015 suo
1788 3985 1815 4014 in
1830 3983 1978 4014 Comitatu
1993 3983 2144 4023 Suffexiae,

1309 4025 1440 4057 Ntcholao
1452 4028 1604 4061 Somerton,
1622 4021 1762 4055 Escaetori
1776 4023 1825 4052 suo
1840 4024 1870 4052 in
1885 4022 2033 4053 Comitatu
2049 4022 2152 4062 Berke,

1764 4059 1793 4090 G
1812 4070 1830 4090 2
2271 4060 2329 4098 Jo-

2342 2584 2361 2605 *
2382 2586 2450 2617 VIL

2350 2635 2410 2662 1²7·
