2561 4251
205 143 257 182 42

60 216 138 247 Ann.
149 213 190 245 D.
243 213 343 243 Savoir
361 211 459 242 fsisons
480 209 650 239 nous'avoir
664 217 719 237 veu
733 207 772 237 les
788 207 913 239 Lettrcs,
933 212 980 240 par
994 211 1082 239 nous,
1100 199 1192 238 Phelip
1205 202 1268 228 Duc

92 254 177 295 1376.
210 253 242 282 dc
255 253 403 288 Burgoigase
417 248 565 292 deliusdit,
581 246 731 278 autresfoiz
745 246 862 275 ottroies
877 246 910 274 ὃς
923 239 1076 271 accordees
1089 262 1100 278 ,
1117 238 1165 270 des
1178 237 1272 277 qiieles

59 296 128 322 Edv.
151 303 177 330 3.
209 291 235 321 la
247 291 364 320 Teneur
376 289 501 325 s'eniuit,

209 366 433 428 PHELiP,
457 363 560 393 FiLz
589 370 638 393 ιε
671 360 761 391 Rov
793 367 842 388 DE
879 356 1072 394 FRA'NcE,
1100 355 1188 386 Duc
1222 362 1271 384 DE

278 404 569 433 BuaoorNoNE
584 423 594 439 ,
620 411 636 430 a
659 409 730 430 touz
749 398 828 428 ceulx
844 420 854 435 ,
879 397 927 435 qui
949 405 996 426 ces
1016 395 1126 426 Lettres
1140 401 1274 430 verronr,

208 443 346 510 balSittx'toir
361 480 460 510 faisons
473 489 546 518 que,
1065 513 1069 517 Ι
1139 511 1145 516 ·

248 518 362 558 Come,
381 518 477 548 nostre
492 515 617 555 treffizint
631 516 698 544 Pere
712 513 737 543 le
751 516 824 552 Pape
837 514 873 543 ait
888 512 1009 550 pluseurs
1031 511 1091 542 foiz
1105 520 1163 549 prie
1177 510 1211 541 &
1225 518 1271 538 re-

210 559 270 595 quis
279 581 288 596 ,
307 568 356 595 par
370 557 409 587 ses
424 558 551 593 Lettres,
567 555 600 585 &
614 554 662 584 fait
677 555 751 591 prier
766 553 798 583 &
813 553 936 590 requiret
951 551 1049 590 parfes
1065 549 1210 587 Messages
1224 548 1269 578 so-

208 596 365 634 lempnelz,
385 598 418 627 &
430 595 664 625 darrainerement
679 599 752 630 par,
765 592 910 621 Reverens
925 589 1010 620 Peres
1024 599 1059 619 eri
1074 588 1170 627 Dieu,
1188 586 1271 616 I'Ar-

207 635 333 675 (evesque
354 635 385 664 de
402 637 547 664 Ravennes
569 633 602 663 ὃς
623 630 770 671 l'Evesque
793 631 824 660 de
845 633 1010 667 Carpentras
1023 651 1033 666 ,
1058 626 1155 657 nostre
1174 626 1272 657 tresre-

206 673 315 704 doubte
337 674 473 712 Seigneur
486 695 496 711 ,
523 670 660 711 Monfieur
683 669 707 699 le
724 673 779 708 Roy
793 669 830 699 de
844 669 970 699 encliner
986 667 1019 697 δε
1033 664 1243 696 condescendre
1255 674 1270 695 a

206 713 305 743 bonne
319 712 387 742 Paiz
401 713 433 743 &
450 712 560 742 Accort
572 718 711 746 avecques
723 709 774 738 son
787 707 949 738 Adversaire
963 705 1169 745 d’Englererre‘,

245 751 284 781 Et
306 761 378 787 pour
398 760 452 781 ceo
470 759 541 780 mon
564 749 606 779 dit
618 748 769 786 Seigneur,
787 756 803 776 a
816 746 839 777 la
854 744 982 784 requeste
993 744 1042 774 des
1054 744 1113 774 ditz
1127 743 1271 782 Messages

207 789 243 820 de
258 789 352 819 nostre
367 789 408 820 dit
420 789 496 819 Saint
509 788 581 819 Pere
595 811 605 825 ,
627 796 699 817 nous
722 787 758 816 ait
773 786 865 816 comis
878 786 911 816 &
927 784 1031 814 envoie
1044 783 1189 821 pardevers
1206 782 1270 812 eulx

207 838 236 858 cs
258 828 361 859 Parties
383 827 419 858 de
442 827 572 858 Flandres
587 850 597 864 ,
615 835 688 863 pour
701 824 864 860 Traiffler,
882 823 918 853 de
931 823 955 853 la
971 822 1030 852 dite
1048 821 1132 860 Paiz,
1149 831 1270 859 avecqes

205 866 303 897 nostre
325 866 440 906 Cousyn
459 867 485 896 le
507 865 576 895 Duc
599 864 635 894 de
652 862 822 901 Lancastre,
841 861 888 892 filz
904 861 939 892 de
959 861 1009 891 son
1031 860 1071 890 dit
1089 860 1271 898 Adversaire,

205 903 267 939 ἐπ’.
280 913 364 945 prout
377 909 406 935 in
421 907 529 942 Treugis
553 904 626 934 datis
641 911 689 940 27.
708 901 811 941 Junii,
829 903 912 931 Anni
925 902 1077 939 prieterili,
1095 906 1160 929 tunc
1167 898 1225 938 fic,

243 982 299 1013 Les
320 983 414 1021 queles
435 981 545 1012 Treues
569 979 654 1017 (dont
674 979 777 1020 ycelles
794 977 904 1010 Lettres
927 977 990 1008 font
1007 975 1148 1014 mention)
1165 975 1271 1015 Nous,

206 1024 278 1062 Loys
293 1023 327 1053 ὅ(
344 1021 438 1059 Phelip
450 1020 598 1057 avantdiz,
826 1049 830 1052 ,

243 1061 269 1090 Α
285 1061 308 1090 la
322 1060 414 1091 Priete
438 1059 474 1090 de
494 1059 640 1089 Reverens
658 1057 743 1088 Peres
759 1066 794 1086 en
809 1055 903 1092 Dieu,
921 1053 956 1083 les
973 1052 1161 1093 Arcevesques
1173 1054 1204 1082 de·
1211 1056 1270 1083 Ra-

202 1108 303 1128 vemzes
319 1097 357 1132 (ἐν
371 1099 401 1128 de
417 1100 528 1136 Roven,
550 1096 702 1134 Meffaiges
721 1095 756 1125 de
775 1093 871 1124 nostre
892 1092 1068 1135 SaintPeie,
1088 1093 1113 1122 le
1127 1092 1218 1130 Pape,
1237 1092 1271 1122 &

200 1148 274 1205 gour
289 1137 410 1167 l'Oneur
424 1138 457 1168 δε
472 1136 641 1167 Revereiice
657 1135 693 1165 de
707 1133 782 1164 Dieu
792 1156 802 1172 ,
817 1132 854 1162 de
867 1131 965 1162 nostre
981 1131 1021 1161 dit
1035 1131 1112 1161 Saint
1128 1131 1215 1169 Pcre,
1234 1132 1268 1162 δε

223 1186 237 1205 6
254 1175 297 1206 ΓΕ
318 1176 363 1206 lise

239 1186 341 1244 Avogns
363 1199 506 1253 p⁷rorogue
520 1236 530 1252 ,
556 1213 590 1244 &
605 1220 763 1250 prorogons
773 1233 782 1249 ,
800 1220 848 1248 par
863 1218 909 1238 ces
924 1207 1075 1247 presentes,
1093 1217 1131 1238 ou
1149 1217 1220 1238 nom
1234 1207 1270 1238 de

201 1252 299 1283 nostre
320 1252 362 1283 dit
381 1253 518 1289 Seigneur
534 1276 544 1289 ,
569 1261 617 1288 par
638 1259 717 1281 vertu
735 1249 773 1279 du
793 1249 834 1278 dit
855 1247 965 1290 Pouoir
979 1271 988 1284 ,
1016 1258 1063 1285 par
1079 1246 1133 1277 Lui
1151 1258 1166 1277 a
1181 1246 1270 1278 Nous

201 1291 316 1329 donne,
335 1292 373 1322 du
396 1292 536 1321 darreiner
550 1290 615 1327 jour
635 1288 673 1318 du
698 1287 778 1318 Mois
799 1287 834 1317 de
853 1286 957 1324 Juing,
976 1285 1132 1325 prouchain
1146 1295 1269 1323 venant,

201 1329 300 1360 Heure
313 1330 349 1361 de
360 1330 445 1360 Solail
463 1329 572 1365 levant,
591 1328 639 1365 qui
654 1327 709 1358 sera
725 1327 790 1357 l'An
806 1325 907 1362 Mille,
928 1324 1026 1367 CCC.
1046 1324 1269 1355 SoixanteSeize

202 1369 248 1405 (au
271 1369 335 1407 quel
351 1370 417 1406 jour
439 1368 531 1398 icelles
553 1367 583 1396 T
587 1368 675 1396 rieues
697 1365 831 1396 devoient
852 1363 944 1400 faillir)
968 1363 1074 1400 iusques
1095 1373 1130 1394 au
1146 1364 1267 1401 premier

195 1408 262 1445 jour
274 1409 312 1438 du
328 1407 409 1438 Mois
425 1405 552 1437 d'Averil
565 1415 658 1443 apres,
676 1405 709 1436 &
731 1404 890 1442 prouchein
914 1402 1038 1432 ensuiant
1053 1424 1063 1440 ,
1080 1401 1157 1433 selon
1169 1401 1193 1432 la
1209 1401 1270 1432 for-

201 1456 250 1476 me
264 1448 297 1478 &
313 1456 412 1477 teneur
426 1446 474 1476 des
490 1445 600 1475 Lettres
615 1443 662 1474 des
676 1443 746 1473 dites
759 1442 887 1479 Treues,
904 1440 996 1471 deffus
1008 1450 1216 1479 encorporees,

239 1484 276 1516 Er
296 1495 384 1515 avons
393 1484 463 1524 Jure
483 1485 516 1515 &
538 1483 667 1521 Promis,
684 1481 726 1512 sur
740 1481 778 1511 les
794 1480 873 1511 Sains
888 1479 1046 1521 Evangiles‘
1055 1478 1092 1509 de
1106 1479 1201 1518 Dieu,
1220 1488 1268 1516 par

201 1534 275 1555 nous
289 1524 502 1562 corporelment
517 1522 670 1558 toucliees,
688 1531 716 1550 es
730 1520 818 1550 mains
833 1520 882 1549 des
896 1518 945 1549 diz
962 1517 1101 1557 Meflages
1124 1517 1160 1548 de
1172 1517 1268 1548 nostre

203 1562 280 1593 Saint
299 1563 372 1593 Pere
386 1587 395 1600 ,
423 1562 455 1592 &
470 1570 573 1591 ancore
587 1560 785 1596 Promettons,
807 1568 855 1596 par
870 1567 916 1588 ces
932 1557 1084 1595 presentes,
1102 1567 1142 1587 ou
1157 1566 1227 1587 nom
1245 1558 1263 1576 ²¹⁸

201 1601 237 1632 de
257 1600 354 1631 nostre
375 1600 416 1631 dit
437 1600 590 1639 Seigneur,
608 1598 780 1637 loyaulment
794 1598 827 1628 &
843 1606 877 1626 en
893 1597 971 1626 bone
986 1595 1050 1634 foy,
1070 1605 1125 1633 que
1139 1596 1177 1626 les
1192 1595 1263 1626 dites

200 1639 329 1677 Treues,
347 1639 412 1670 ainsi
426 1639 602 1677 Prorogees,
620 1647 691 1667 nous
705 1635 861 1666 Tendrons
874 1635 907 1666 &
923 1633 1102 1672 Garderons,
1121 1635 1154 1666 &
1170 1634 1266 1665 ferons

199 1677 294 1709 Tenir
306 1680 339 1710 ὃ(
353 1678 482 1715 Garder,
499 1677 564 1707 senz
581 1675 749 1707 Enfraindre
762 1698 772 1712 ,
796 1674 873 1704 selon
895 1674 918 1703 la
940 1673 1035 1703 forme
1053 1673 1086 1703 ὃ(
1100 1682 1197 1703 teneur
1218 1672 1267 1703 des

197 1717 327 1755 Lettres,
347 1717 424 1747 faites
440 1715 483 1747 sur
498 1715 590 1746 icelles
613 1714 696 1752 (dont
717 1713 808 1743 deffus
831 1711 871 1741 cst
895 1712 943 1742 fait
957 1712 1104 1748 mencion)
1121 1712 1155 1742 ὃ(
1171 1712 1208 1741 165
1224 1712 1266 1741 fe-

196 1765 263 1786 rons
286 1755 459 1786 Confermer
481 1765 528 1792 par
550 1752 645 1784 nostre
667 1752 708 1783 dit
728 1752 878 1789 Seigneurs
892 1773 902 1789 ,
921 1751 955 1782 ὅ(
971 1751 1082 1780 donner
1097 1750 1136 1781 ses
1151 1750 1263 1781 Lettres

196 1794 341 1825 Ouvertes
356 1794 397 1824 sur
413 1804 464 1832 ce,
479 1792 587 1823 seeliees
603 1791 638 1821 de
650 1791 700 1821 son
715 1790 795 1828 Seel,

231 1833 276 1864 En
300 1833 446 1863 Tesmoin.
466 1832 502 1862 de
524 1841 559 1862 ce
580 1840 651 1860 nous
666 1839 754 1859 avons
767 1829 817 1859 fait
832 1835 934 1857 mettre
947 1836 1007 1858 noz
1023 1827 1103 1858 Sealx
1115 1837 1130 1857 3
1141 1837 1188 1858 665
1201 1838 1264 1867 pre-

191 1872 279 1903 sentes
302 1871 411 1901 Lettres
426 1894 435 1908 ,
457 1872 491 1902 &
512 1879 601 1900 avons
624 1868 717 1906 requis
738 1867 776 1897 les
796 1867 845 1897 diz
860 1866 1006 1904 Meffages
1021 1867 1058 1897 de
1072 1865 1170 1897 nostre
1183 1866 1262 1897 Saint

192 1910 263 1941 Pere
279 1910 346 1948 qu'il
362 1920 379 1949 y
395 1909 489 1940 facerit
505 1916 605 1938 mettre
618 1907 689 1937 leurs
703 1906 793 1937 Sealx.

233 1949 343 1980 Donne
357 1958 371 1977 a
388 1948 509 1986 Bruges,
526 1947 552 1978 le
566 1947 611 1976 xii.
627 1946 692 1984 jour
707 1945 743 1975 de
758 1943 838 1975 Mois
853 1943 890 1975 de
909 1943 991 1976 Mars
1006 1967 1016 1983 ,
1034 1944 1101 1975 l’An
1115 1943 1150 1974 de
1165 1943 1263 1974 Grace

191 1987 296 2028 Mille,
314 1986 412 2018 CCC.
433 1988 566 2018 Soixante
581 1985 707 2025 Qinze.

226 2065 265 2097 Et
282 2064 371 2095 Nous
383 2089 392 2103 ,
413 2062 599 2104 Arcevesques
613 2062 644 2092 de
658 2065 806 2092 Ravennes
820 2059 858 2095 ό·
881 2060 912 2090 de
926 2062 1022 2091 Roven
1037 2084 1047 2099 ,
1066 2059 1208 2099 Meffiges
1227 2059 1264 2090 de

191 2103 290 2134 nostre
310 2104 390 2134 Saint
413 2103 483 2133 Pere
499 2127 508 2140 ,
532 2105 558 2134 le
578 2101 655 2140 Pape
668 2125 678 2141 ,
704 2110 792 2131 avons
814 2100 862 2130 fait
880 2108 1000 2138 mettre,
1015 2110 1031 2130 a
1044 2100 1068 2130 la
1084 2098 1213 2136 requeste
1225 2098 1262 2129 de

190 2152 242 2172 nos
263 2143 412 2181 Seigneurs
433 2141 523 2172 densus
544 2150 653 2172 nomez
667 2165 676 2179 ,
695 2148 755 2171 noz
769 2138 870 2170 Seaulx
884 2148 899 2169 a
917 2149 963 2170 ces
976 2139 1114 2177 presentes
1130 2137 1258 2176 Lettres,

187 2181 256 2211 J'An
272 2182 304 2212 ὃ(
319 2181 344 2211 16
355 2181 429 2220 Jour
443 2180 536 2211 deffus
551 2180 608 2210 diz.

48 1568 69 1587 ⁸
80 1571 145 1600 VH.

54 1616 113 1637 102.

189 2303 382 2349 Confirmatio
398 2306 619 2350 Prorogationis
636 2303 830 2348 Treugarum
841 2328 851 2344 ‚
879 2313 948 2334 cum
958 2298 1149 2345 Adverfizrio
1158 2302 1260 2332 Fran-

316 2357 364 2386 ciae
375 2380 385 2396 ‚
412 2352 604 2385 Alediatione
619 2352 812 2384 Nunciorum
834 2353 916 2396 Pnpae
928 2377 938 2393 ‚
965 2359 1135 2395 captarum.

38 2437 107 2468 Ann
126 2436 172 2467 D.
187 2437 274 2498 LE
295 2441 346 2468 Roi
360 2439 392 2469 de
408 2442 511 2468 France
532 2436 570 2473 &-
587 2436 795 2475 d’Engleterre,
815 2437 848 2467 &
864 2435 968 2475 Signur
981 2433 1140 2473 d'Irlaund,
1157 2445 1173 2465 a
1187 2443 1258 2466 touz

61 2477 146 2516 1376.
261 2486 352 2516 ceux,
372 2479 420 2516 qui
438 2488 484 2508 ces
499 2477 608 2507 Letttes
623 2484 739 2506 verront
776 2474 880 2505 Salutz.

37 2520 88 2542 An.
107 2526 153 2550 50·
225 2513 314 2545 Nous
335 2527 422 2546 avons
444 2526 497 2547 veu
512 2517 545 2547 ὃ(
561 2515 694 2554 regardez
707 2515 734 2544 le
748 2498 867 2544 ffeneur
886 2512 923 2543 de
937 2520 1063 2543 certenes
1078 2511 1188 2542 Lettres
1202 2512 1257 2543 Pa-

185 2559 274 2582 tentes
292 2553 328 2583 de
346 2555 442 2584 nostre
462 2554 599 2584 treschere
617 2553 696 2591 Filz,
716 2552 815 2591 Johan
832 2554 885 2591 Roy
903 2552 934 2581 de
948 2550 1060 2590 Castelle
1077 2549 1115 2585 ώ-
1128 2551 1160 2580 de
1168 2553 1256 2590 Leon,

35 2596 110 2619 an.
124 2601 169 2627 50.
188 2590 256 2621 Duc
269 2591 305 2622 de
319 2592 485 2630 Lancastre,
504 2596 599 2631 Sjmon
614 2592 781 2631 Erccvefque
796 2591 828 2619 de
844 2590 1018 2627 Canterhirs,
1038 2589 1147 2619 Primat
1160 2590 1197 2619 de
1210 2598 1254 2621 tut

34 2634 64 2655 Ιί-
76 2639 100 2665 3.
117 2642 155 2660 m.
186 2628 351 2665 Engletene
365 2655 375 2668 ,
403 2632 435 2662 &
459 2633 558 2670 Esmon
581 2634 682 2660 Counte
702 2630 733 2659 de
748 2628 911 2666 Cantebrigg
925 2651 935 2666 ,
954 2628 1095 2667 Nlcssages
1109 2628 1142 2659 &
1158 2627 1255 2659 Com-

37 2677 79 2695 22.
184 2668 336 2706 miffaires,
351 2671 473 2700 envoiez
495 2680 534 2699 iar
547 2679 635 2705 nous,
654 2668 697 2698 sur
712 2669 737 2698 la
750 2667 819 2705 prise
833 2666 880 2696 des
892 2668 1010 2696 certeins
1019 2667 1156 2703 Trieues,
1174 2668 1253 2698 n'ad-

182 2707 253 2745 gairs
266 2707 350 2745 faitz,
371 2717 449 2738 entre
466 2708 554 2737 hous
567 2707 651 2737 d'une
665 2715 740 2744 part,
760 2706 793 2736 &
806 2705 902 2735 nostre
918 2705 1081 2736 Adversaire
1094 2706 1129 2735 de
1145 2705 1168 2735 F
1170 2716 1253 2737 rance

182 2746 286 2776 d'autre
305 2755 365 2784 part
381 2770 391 2785 ,
417 2747 449 2777 &
462 2746 497 2776 de
513 2746 536 2775 la
550 2745 745 2785 Prorogacion
760 2744 808 2774 fait
823 2743 859 2774 de
875 2743 993 2773 mesmes
1007 2744 1045 2773 les
1058 2744 1194 2782 Trieues,
1213 2755 1249 2775 en

180 2784 220 2814 les
234 2784 349 2815 Paroles
364 2787 412 2824 qui
427 2785 579 2823 s'ensuent,

217 2861 317 2900 Johan
334 2884 342 2898 ‚
371 2872 418 2899 par
439 2862 464 2892 la
485 2861 582 2893 Grace
597 2861 632 2891 de
646 2860 742 2898 Dieu,
761 2862 816 2898 Roy
827 2859 859 2889 de
873 2856 982 2898 eastille
996 2855 1034 2892 (ὃν
1049 2857 1081 2887 de
1095 2861 1171 2887 Leon
1186 2858 1246 2894 dvc,

178 2908 209 2928 ut
217 2899 301 2939 Jiaepra
318 2902 349 2930 de
365 2904 436 2929 Dat.
460 2910 504 2931 12.
522 2904 646 2937 Martii,
665 2897 703 2933 (ἔγ
720 2906 783 2927 tunc
798 2898 850 2938 fic,
868 2897 958 2928 Nous
972 2897 1009 2926 les
1025 2896 1095 2927 dites
1107 2897 1228 2928 Trieues
1241 2924 1251 2937 ,

177 2940 212 2969 &
232 2939 257 2968 la
276 2938 470 2977 Prorogacion
494 2939 615 2970 d’icelles
629 2962 638 2976 ,
662 2948 697 2967 en
717 2937 741 2967 la
762 2937 868 2968 Forme
884 2937 917 2966 ὃς
934 2935 1074 2973 Μ311616,
1092 2945 1179 2966 601116
1191 2938 1246 2967 6165

175 2979 238 3007 sont
252 2977 329 3007 desus
341 2977 485 3015 specifica,
506 2978 622 3016 Loons,
644 2977 832 3014 Approvons,
849 2976 882 3005 &
899 2973 1113 3011 Confermons,
1132 2974 1168 3004 de
1183 2986 1246 3005 661-

177 3017 253 3046 161116
268 3015 401 3054 Science,
419 3019 452 3047 &
471 3017 507 3045 les
520 3016 702 3046 Promettons
716 3015 825 3051 Tenir,
845 3014 878 3044 &
897 3014 963 3044 faire
975 3013 1068 3043 Tenir
1083 3014 1115 3044 &
1125 3013 1244 3053 Garder,

176 3054 213 3084 de
229 3053 324 3084 nostre
338 3054 419 3091 Part,
440 3055 504 3085 sanz
520 3055 599 3085 fraud
610 3078 619 3093 ,
638 3064 677 3084 ou
693 3053 747 3083 mal
765 3061 871 3090 engyn.

212 3093 294 3123 Dori.
311 3103 359 3130 par
380 3093 608 3132 Tesmoignance
629 3093 664 3123 dc
687 3092 782 3122 nostre
805 3091 900 3121 Grant
918 3090 996 3128 Seal,
1014 3100 1029 3120 a
1041 3089 1138 3120 nostre
1151 3089 1245 3129 Palays

176 3130 212 3161 de
228 3131 471 3170 NVestmonstier,
490 3132 515 3161 le
529 3133 633 3171 primer
645 3131 716 3169 Jour
731 3129 882 3166 d’Avcriil,
902 3129 969 3159 l’An
984 3130 1020 3159 de
1033 3128 1129 3158 nostre
1142 3128 1245 3168 Regne

175 3170 210 3201 de
227 3170 349 3208 France,
366 3170 460 3201 Trent
474 3169 624 3208 Septisme,
644 3172 676 3200 ὃ(
692 3168 885 3208 d'Eiigleterre
899 3166 1132 3208 Cynquantisme.

212 3246 387 3286 Confirmatio
401 3245 491 3277 Caroli
508 3256 542 3275 ex
556 3248 641 3276 Parte
654 3248 785 3275 Franciae.
805 3248 877 3275 Dat.
889 3244 970 3284 sexto
982 3244 1023 3273 die
1039 3246 1122 3273 Maii.

368 3372 416 3402 De
434 3370 663 3415 Confirmatione
678 3379 733 3415 pro
757 3366 881 3400 Robcrto
897 3370 1051 3401 Nameur.

29 3450 159 3518 Ann.6D.
179 3452 474 3513 EDwARDus,
494 3455 551 3485 Dei
564 3454 650 3494 gratia
665 3479 674 3493 ,
701 3453 792 3484 Rex
819 3453 876 3483 AN
893 3462 1009 3484 oLiffi
1036 3461 1088 3484 ΕΤ
1113 3452 1243 3482 FRAN-

50 3498 104 3520 12·
130 3513 135 3518 .

27 3532 79 3555 ΑΗ·
101 3538 145 3562 50.
180 3529 283 3561 Literae
297 3533 492 3571 pervenerint,
512 3532 645 3562 Salutem.

25 3570 56 3593 -Ὲ-
79 3576 104 3602 3-
219 3568 341 3600 Constat
360 3571 442 3599 nobis
457 3593 467 3607 ,
490 3581 539 3608 per
562 3571 766 3608 inspeffionem
785 3569 963 3600 Rotulorum
987 3568 1169 3600 Cancellariae
1190 3578 1243 3597 no-

26 3608 88 3632 Par.
105 3613 150 3639 50·
183 3605 262 3645 strze,
282 3608 363 3646 quod
378 3618 430 3639 nos
446 3619 534 3647 nuper
549 3608 656 3639 Literas
670 3609 776 3639 nostras
789 3608 918 3639 Patentes
933 3607 993 3638 fieri
1008 3608 1127 3639 fecimus
1142 3606 1241 3637 inhaec

26 3646 59 3669 E·
70 3652 95 3678 3-
109 3649 167 3678 μς.
182 3646 284 3684 verba,

27 3689 64 3709 m.
85 3690 127 3715 19.

179 3720 430 3781 EDwaRou
444 3733 456 3754 s
470 3747 479 3762 ,
506 3723 563 3754 Dei
578 3724 681 3762 gratia,
699 3723 786 3754 Rex
813 3724 998 3754 ANGLIAE
1025 3730 1076 3753 ET
1104 3721 1241 3752 Fum-

210 3797 214 3801 .
256 3768 292 3788 61
303 3769 348 3799 AE,
365 3763 398 3791 ἃ
420 3761 567 3792 Dominus
588 3763 738 3792 Hiberniae
752 3785 761 3800 ,
785 3764 920 3792 omnibus
936 3785 946 3801 ,
965 3762 1000 3792 ad
1012 3771 1083 3800 quos
1096 3761 1242 3798 praesentes

178 3796 283 3827 Literae
299 3801 491 3838 pervenerint,
510 3801 643 3830 Salutem.

214 3835 312 3878 Sciatis
337 3838 415 3873 quod
431 3861 439 3875 ,
464 3840 565 3869 intuitu
583 3839 721 3878 Homagii
738 3839 771 3868 ὃ(
787 3838 956 3877 Fidelitatis,
974 3848 1057 3877 quae,
1075 3836 1192 3867 dfleetus
1208 3837 1242 3867 &

176 3872 263 3902 fidelis
284 3873 378 3920 noster
393 3898 401 3912 ,
425 3876 556 3906 Robertus
579 3879 611 3906 de
626 3879 752 3906 Nameur
776 3878 959 3914 corporaliter
974 3878 1056 3907 nobis
1069 3875 1153 3912 fecit,
1172 3884 1243 3904 nec-

175 3921 234 3941 non
250 3911 320 3954 boni
333 3911 443 3942 Servitii
458 3916 537 3951 quod
558 3917 640 3946 nobis
654 3915 781 3953 promisit
796 3915 889 3945 facere
912 3917 940 3944 in
961 3916 1103 3952 futurum,
1121 3923 1240 3943 conces-

175 3949 259 3979 simus
282 3949 373 3978 eidem
394 3951 506 3981 Roberto
530 3954 615 3983 Mille
632 3955 664 3985 ὃ(
687 3953 839 3983 Ducentos
862 3953 1000 3983 Florenos
1017 3953 1053 3983 de
1068 3952 1178 3990 Scuto,
1195 3951 1239 3980 vel

174 3987 498 4031 Valoremreorumdem
521 3993 550 4022 in
570 3993 619 4022 alia
643 3991 789 4030 Moneta,
814 3992 844 4022 in
862 3991 969 4030 Regno
997 3990 1096 4021 nostrO
1126 3989 1240 4027 Angllae

175 4035 369 4057 communiter
383 4035 511 4058 currente
518 4051 530 4066 ,

257 3502 272 3522 6
284 3502 295 3522 1
306 3502 356 3531 Αἰ,
374 3494 406 3523 &
430 3493 576 3524 Dominus
600 3494 748 3524 Hiberniae
764 3515 774 3531 ,
792 3492 942 3530 omnibus,
960 3493 994 3522 ad
1012 3502 1083 3531 quos
1097 3491 1242 3529 praeientes
1276 3499 1294 3526 p

673 110 1478 162 CONVENTIONES,
1533 111 1919 167 LITERAE,

1343 196 1546 242 Percipiendos
1567 198 1606 243 sin
1626 199 1676 243 ulis
1700 199 1792 230 Annis
1812 199 1862 243 sibi
1877 222 1888 238 ,
1911 200 1946 231 &
1964 197 2134 233 Haeredibus
2154 201 2207 233 suis
2218 200 2367 235 confimile
2381 205 2456 240 Anu,
2471 191 2516 242 Ῑζ)Ι

1306 234 1538 282 11016εὲ1616οᾷ
1560 237 1593 267 Fi
1614 238 1736 268 elitatem
1759 237 1858 282 Nobis
1880 238 1914 267 &
1934 237 2105 285 Haeredibus
2124 242 2224 272 nostris
2236 242 2366 272 facienti—
2403 251 2486 287 1376,
2503 230 2513 244 ὁ
2559 247 2561 274 1

1305 274 1359 318 bus
1371 297 1381 313 ,
1399 276 1435 305 de
1448 275 1576 306 Exitibus
1596 275 1801 306 Custumarum
1822 286 1850 306 in
1867 276 1958 306 Portu
1973 276 2102 309 Civitatis
2117 280 2224 312 nostrae
2242 280 2364 325 Londo-
2378 287 2444 316 Edv.
2462 298 2488 327 3.
2522 310 2527 317 ,1
2560 298 2561 313 ι

1305 322 1376 352 niae,
1395 324 1445 352 per
1468 324 1567 359 manus
1588 313 1791 359 Collectorurn
1813 314 1979 359 earumdem
1997 314 2204 359 Custumarum
2221 344 2230 358 ,
2248 329 2298 359 qul
2311 329 2366 358 pro
2560 321 2561 348 l

1305 359 1437 390 tempore
1454 353 1560 398 fuerint
1571 375 1581 392 ‚
1604 354 1639 384 ad
1660 353 1819 397 Termino-s
1837 353 1933 383 8311611
1955 351 2106 386 Michaelis
2119 359 2153 388 &
2167 358 2301 397 Paschae,
2316 368 2368 396 per

1306 391 2275 464 ffssssffiiss'0ss2'35513e3ii‘3u‘3ssfffifflifflfflss’igceffiae‘edibffi
2288 399 2366 467 fuiss

1304 467 1444 500 Valorem
1458 455 1477 489 3*
1495 469 1642 501 dierorum
1656 455 1741 501 Mine
1754 471 1787 501 &
1804 453 2010 501 Ducentor'um
2022 470 2046 500 F
2047 444 2284 513 lorendiumriietlgeeni·t
2286 447 2363 507 ¹232-
2383 477 2399 494 ¹*
2409 479 2478 509 VIL·

1303 517 1461 576 nusgnrfiper
1479 508 1549 540 Nos
1564 531 1575 548 ,
1599 509 1646 540 vel
1665 508 1804 540 Haeredes
1825 509 1957 548 nostros,
1973 508 2136 540 ordinatum
2149 509 2231 543 fuerit
2244 515 2278 546 &
2292 524 2365 554 pro·
2384 520 2447 555 103.

1304 556 1376 656 ἶΙΙξι
1390 586 1469 624 cujus
1486 586 1526 616 rei
1541 585 1759 618 Testimonium
1778 586 1826 617 has
1847 586 1955 618 Literas
1975 585 2085 618 nostras
2103 586 2163 618 fieri
2179 588 2298 623 fecimus
2311 592 2366 626 Pa.

1319 634 1354 655 en
1366 634 1405 655 es.

1339 700 1410 746 Dat.
1425 702 1659 747 juxta-calefiam
1674 703 1770 747 primo
1783 702 1829 733 die
1840 701 1925 747 Julii,
1941 702 2030 748 Anno
2043 703 2142 741 Regni
2156 705 2245 736 nostri
2256 707 2369 748 Angliae

1305 739 1454 771 Vicesimo
1469 751 1583 780 primo,
1605 741 1702 781 Regni
1715 744 1786 774 vero
1801 740 1891 772 nostri
1905 740 2034 772 Franciae
2050 741 2177 775 octavo.

1342 817 1412 849 Nos
1436 827 1529 850 autem
1552 818 1703 850 Tenorem
1726 819 1886 850 Literarum
1907 817 2067 849 nostrarum
2089 821 2286 858 praedistarum
2299 848 2309 863 ,
2335 825 2370 857 ad

1304 857 1516 895 requisitionem
1538 857 1647 896 praefati
1668 857 1807 897 Roberti',
1825 858 1945 889 Tenore
1958 857 2155 897 praesentium,
2172 859 2300 893 duximus
2313 863 2373 895 Ex.

1306 905 1353 926 em
1357 895 1537 933 plificandum
1544 908 1554 934 .·,

1341 934 1461 966 Proviso
1485 944 1582 966 tamen
1602 935 1683 974 quod
1704 935 1781 966 idem
1793 934 1928 966 Robertus
1942 934 2106 974 dupplicem
2121 936 2301 969 Solutionern
2315 940 2372 972 five

1306 973 1515 1005 Allocationem
1538 973 1573 1004 de
1589 974 1671 1004 (116115
1694 973 1777 1004 Μ1116
1796 975 1831 1006 &
1846 974 1991 1005 Ducentis
2005 975 2133 1006 Floreni's
2145 975 2182 1006 de
2196 976 2287 1007 Scuto
2297 1000 2306 1016 ,
2323 981 2370 1010 vel

1307 1011 1411 1055 Valore
1440 1013 1609 1043 eorumdem
1632 1014 1661 1043 iii
1687 1013 1737 1043 alia
1759 1012 1882 1044 Moneta
1896 1038 1906 1051 ,
1931 1014 2081 1044 occasione
2098 1013 2371 1052 Exemplificationis

1307 1050 1465 1082 Literarum
1480 1051 1640 1082 nostrarum
1656 1051 1873 1092 praedidhrum,
1891 1061 1951 1082 non
1968 1053 2100 1090 percipiat
2113 1055 2316 1091 quovismodo.

1343 1088 1378 1119 In
1403 1091 1481 1128 cujus
1501 1091 1542 1120 rei
1561 1090 1776 1121 Testimonium
1798 1090 1845 1120 has
1862 1090 1970 1121 Literas
1984 1091 2091 1121 nostras
2105 1091 2165 1122 fieri
2178 1092 2300 1124 fecimus
2313 1093 2368 1125 Pa-

1308 1137 1433 1197 tessislle
1455 1167 1560 1205 meipso
1583 1167 1657 1205 apud
1678 1166 1994 1206 westmonasterium,
2019 1167 2207 1200 Duodecimo
2220 1169 2265 1201 die
2280 1170 2370 1210 Maii,

1306 1205 1394 1235 Anno
1416 1206 1510 1243 Regni
1532 1205 1620 1235 nostri
1640 1206 1752 1245 Angliae
1775 1206 2023 1245 Quinquagesimo
2035 1229 2047 1246 ,
2070 1207 2168 1246 Regni
2190 1211 2263 1240 vero
2277 1210 2368 1241 nostn'

1306 1244 1431 1275 Francite
1444 1245 1610 1275 Tricesimo
1623 1245 1752 1283 septimo.

1564 1376 1659 1419 Super
1679 1371 1852 1407 Venditione
1867 1373 2121 1418 Priftnariorum.

1306 1460 1362 1516 R
1372 1459 1397 1489 E
1408 1458 1438 1490 X
1465 1459 1654 1490 Thesaurario
1668 1459 1701 1489 &
1715 1458 1885 1490 Camerariis
1900 1459 1953 1490 suis
1965 1459 2098 1490 Salutem.
2389 1471 2457 1503 Am·¹
2479 1470 2522 1502 D·

1401 1497 1481 1529 Cum
1496 1522 1506 1537 ,
1531 1498 1627 1528 (1116611
1650 1498 1684 1529 &
1704 1497 1798 1528 fideles
1819 1498 1925 1537 nostri,
1944 1498 2090 1536 Johannes
2105 1499 2137 1528 de
2151 1497 2241 1529 Harle
2263 1509 2315 1538 on,
2334 1499 2368 1530 &
2418 1520 2431 1541 1
2460 1494 2493 1540 ‘6
2512 1494 2521 1503 ’

1302 1534 1438 1574 Philippus
1450 1536 1479 1566 la
1493 1537 1597 1580 Vache,
1615 1547 1706 1574 nuper
1719 1535 1895 1568 vendiderint
1908 1536 2005 1568 Nobis
2012 1537 2184 1568 Prisonarios
2198 1537 2227 1568 su
2250 1537 2367 1576 scriptos
2387 1518 2504 1586 Ango-

1299 1583 1353 1611 pro
1369 1574 1494 1606 Duobus
1509 1574 1627 1606 Milibus
1641 1576 1674 1606 &
1690 1575 1862 1614 Qiingentis
1876 1575 1972 1607 Libris
1985 1575 2155 1614 (videlicet),
2388 1593 2422 1616 13.
2439 1598 2452 1626 3
2498 1572 2505 1579 ‘

1337 1611 1497 1681 {ohannem
1512 1617 1660 1643 Dominum
1673 1614 1705 1643 de
1719 1617 1803 1654 Poys,
1821 1624 1874 1652 pro
1889 1614 1977 1645 Mille
1990 1614 2024 1645 &
2041 1614 2215 1654 Qingentis
2228 1615 2337 1655 Libris,
2386 1611 2510 1664 Clauj50

1366 1661 1376 1681 t
1392 1655 1542 1682 Gauterum
1557 1651 1722 1692 chastillon,
1740 1662 1794 1692 pro
1806 1651 1891 1683 Mille
1906 1652 1998 1684 Libris
2385 1671 2406 1694 Ξ
2464 1651 2470 1657 ’
2512 1650 2521 1658 “

1327 1689 1388 1735 'De
1411 1702 1465 1730 qua
1500 1691 1597 1722 uidem
1613 1692 1735 1722 Summa
1749 1693 1854 1735 integra
1870 1690 1954 1735 Mille
1970 1676 2081 1722 M⁷arcae
2093 1691 2233 1731 praefatis,
2251 1692 2366 1732 Johan-
2383 1688 2415 1735 Μ’
2427 1673 2484 1733 3”ῗ’
2497 1677 2523 1703 ¹*

1302 1738 1331 1756 m
1344 1729 1376 1758 de
1390 1701 1586 1773 Harleylonn&
1603 1729 1739 1768 Philippo,
1757 1740 1786 1760 in
1803 1730 1931 1760 manibus
1943 1730 2041 1761 solutae
2056 1730 2186 1769 fuerunt,
2414 1726 2421 1735 ⁸
2437 1713 2455 1741 5

1339 1768 1403 1806 Ac,
1421 1769 1498 1801 sexto
1518 1769 1564 1800 die
1580 1769 1771 1808 Decembris,
1790 1768 1879 1799 Anno
1892 1769 1988 1808 Regni
2004 1768 2094 1799 nostri
2109 1769 2221 1809 Angliae
2235 1770 2366 1808 Quadra-

1299 1806 1409 1845 gesimo
1425 1808 1549 1845 octavo,
1567 1818 1617 1845 per
1633 1808 1738 1838 Literas
1751 1806 1861 1838 nostras
1874 1806 2005 1838 Parentes
2017 1830 2027 1845 ,
2046 1809 2258 1846 promiserimus
2273 1810 2367 1841 solve-

1299 1855 1329 1887 re
1350 1848 1469 1883 praesatis
1482 1872 1491 1886 ,
1513 1846 1644 1885 Johanni
1664 1847 1696 1876 de
1708 1845 1858 1886 Harleston
1869 1847 1902 1877 &
1918 1845 2057 1885 Philippo,
2076 1846 2247 1877 Haeredibus
2263 1848 2297 1878 &
2312 1849 2367 1880 As-

1300 1886 1411 1921 iignatis
1432 1885 1482 1916 suis
1504 1885 1590 1916 Mille
1638 1885 1816 1923 octingentas
1857 1885 1892 1916 &
1909 1886 2045 1923 triginta,
2066 1886 2100 1917 &
2115 1894 2170 1916 tres
2188 1885 2305 1926 Libras,
2321 1887 2368 1918 sex

1298 1922 1428 1967 Solidos,
1446 1926 1479 1955 &
1500 1924 1571 1955 octo
1592 1910 1732 1955 Denarios
1751 1909 1908 1962 Residuos,
1927 1924 1962 1954 ad
1977 1924 2140 1963 Receptarn
2155 1923 2295 1956 Scaccarii
2310 1935 2367 1956 no-

1298 1960 1346 1991 stri
1363 1963 1408 1993 vel
1422 1963 1488 1994 alibi
1502 1963 1552 1993 ubi
1565 1963 1809 2003 assignaverimus,

1337 2000 1437 2032 Unam
1453 2002 1607 2040 (videlicet)
1625 2001 1812 2033 Medietatem
1825 2002 1855 2031 in
1870 2001 1956 2032 Festo
1970 2001 2172 2042 Pentecostes,
2190 2010 2259 2033 tunc
2273 2004 2368 2042 proxi-

1298 2041 1351 2070 mo
1365 2040 1477 2080 futuro,
1493 2041 1539 2071 vel
1553 2041 1626 2071 infra
1639 2040 1714 2071 Tres
1727 2041 1917 2079 Septimanas,
1937 2049 2006 2071 tunc
2021 2042 2157 2079 proximo
2171 2041 2335 2081 sequentes,

1334 2078 1373 2110 Et
1393 2079 1474 2110 aliam
1490 2079 1678 2110 Medietatem
1698 2081 1731 2117 iri
1746 2078 1832 2109 Festo
1846 2078 1943 2110 Sanc‘ti
1960 2079 2127 2117 Michaelis,
2145 2088 2215 2110 tunc
2229 2083 2366 2118 proximo

1296 2117 1450 2160 sequente,
1476 2118 1522 2150 vel
1544 2118 1616 2149 infra
1635 2118 1707 2149 Tres
1730 2118 1904 2157 Septimanas
1922 2126 2026 2149 extunc
2045 2120 2182 2157 proximo
2203 2118 2367 2159 sequentes,

1297 2159 1355 2186 line
1367 2157 1502 2188 dilatione
1517 2156 1660 2196 ulteriori,

1333 2195 1425 2228 Prout
1436 2198 1467 2227 in
1478 2195 1582 2227 eisdem
1597 2196 1699 2227 Literis
1712 2196 1822 2234 plenius
1836 2197 2015 2235 continetur,

1332 2234 1425 2265 Vobis
1440 2234 1608 2266 mandamus
1623 2235 1704 2274 quod
1718 2235 1840 2274 eisdem,
1857 2234 1987 2274 Johanni
2002 2235 2035 2265 de
2047 2233 2193 2274 Harleston
2209 2235 2243 2266 &
2258 2235 2364 2275 Philip-S

1289 2273 1597 2344 {Z’d}{?³1>¹”?fl2512‚?
1598 2274 1656 2344 ἓξ
1660 2283 1752 2343 ,ἕὲἑῗ
1760 2275 2017 2344 ’11ἰέίὲἑέεῇῑᾶξὸ
2029 2273 2361 2350 ssss'ffifszufiff‘zff‘zl-ssdffi’

1294 2351 1331 2381 de
1351 2352 1426 2389 priris
1446 2351 1626 2382 Sadsfiustum
1648 2361 1707 2382 non
1729 2336 1822 2388 fuerit)
1843 2351 1965 2383 Solvatis
1980 2376 1990 2389 ,
2015 2351 2061 2381 vel
2082 2353 2120 2381 eis
2134 2350 2362 2389 Competentem

1294 2390 1519 2429 Affignationern
1534 2391 1563 2421 in
1576 2390 1664 2429 locis,
1682 2391 1731 2422 ubi
1746 2392 1784 2421 eis
1799 2390 1866 2421 inde
1882 2389 1999 2421 stitisfieri
2012 2391 2131 2428 poterit,
2149 2389 2209 2420 fieri
2222 2390 2343 2429 faciatis3

1331 2429 1514 2467 Recipientes
1534 2439 1549 2459 a
1569 2430 1689 2467 praefatis
1701 2453 1711 2467 ‚
1736 2428 1869 2468 Johanne
1889 2427 2035 2469 Harleston
2049 2428 2083 2459 &
2098 2427 2235 2468 Philippo,
2254 2428 2364 2461 Literas

1292 2467 1400 2497 nostras
1416 2468 1598 2507 supradietas,
1619 2479 1668 2506 per
1682 2478 1735 2498 vos
1750 2467 1950 2498 cancellandas.

1329 2506 1419 2537 Teste
1434 2505 1519 2544 Rege
1533 2507 1607 2545 apud
1620 2505 1929 2544 Westmonasterium,
1950 2505 2067 2536 decimo
2081 2506 2165 2537 tertio
2179 2505 2226 2535 die
2239 2505 2322 2536 Maii.

1618 2633 1701 2677 Papa
1716 2639 1819 2662 contra
1837 2629 2031 2663 florentinos.

1359 2716 1592 2747 Raoonrus
1619 2715 1854 2747 EP1scoPus
1870 2737 1880 2753 ,
1903 2715 2005 2745 Servus
2024 2714 2182 2746 Servorum
2205 2715 2287 2754 Dei,
2311 2715 2355 2747 di-

1375 2756 1452 2786 16610
1466 2756 1490 2785 F
1491 2756 1554 2792 ilio,
1574 2756 1635 2786 &c.
1654 2755 1779 2785 Salutem
1794 2755 1827 2786 &
1846 2754 2045 2791 Apostolicam
2061 2753 2306 2785 Benediciionem.

1322 2794 1456 2825 Exceffus
1472 2793 1648 2832 gravissimos
1663 2816 1673 2832 ,
1695 2803 1766 2832 quos
1780 2792 1936 2832 Iniquitatis
1950 2792 2069 2822 Alumni
2079 2815 2088 2831 ‚
2104 2791 2192 2824 Cives
2203 2794 2237 2824 &
2253 2793 2352 2831 Popu-

1283 2832 1325 2862 lus
1346 2832 1477 2863 Civitatis
1496 2833 1669 2863 Florentinae
1686 2855 1696 2870 ,
1721 2841 1858 2870 tanquam
1879 2832 1908 2861 in
1926 2830 2099 2869 Reprobum
2114 2831 2231 2862 Sensum
2243 2832 2315 2868 dati,
2333 2842 2349 2862 a

1283 2872 1399 2909 Septem
1412 2871 1561 2902 Mensibus
1575 2873 1659 2909 citra,
1677 2879 1776 2902 contra
1791 2870 1892 2901 Deum
1901 2894 1910 2908 ,
1927 2871 1960 2901 &
1974 2870 2139 2901 Romanam
2151 2871 2184 2901 &
2199 2869 2348 2900 nonnullas

1282 2910 1342 2939 alias
1358 2910 1513 2948 Ecclelias,
1530 2910 1564 2940 ὃς
1586 2910 1760 2940 Libertatem
1775 2908 2003 2939 Ecclesiasticam
2022 2908 2242 2946 commiserunt,
2260 2916 2346 2946 prout

1282 2959 1341 2978 non
1356 2948 1453 2980 desunt
1468 2949 1651 2979 committere
1664 2948 1762 2978 diebus
1775 2948 1922 2985 praeteritis
1931 2971 1941 2984 ,
1956 2957 2010 2984 pro
2023 2954 2100 2976 certa
2114 2954 2190 2983 parte
2206 2946 2287 2982 (cum
2300 2956 2350 2977 eos

1281 2997 1382 3017 omnes
1396 2988 1488 3017 nimio
1503 2988 1640 3026 longum,
1659 2997 1692 3017 ac
1707 2985 1856 3016 taediosum
1868 2985 1943 3015 foret
1957 2985 2095 3022 scribere,
2110 2985 2143 3015 &
2160 2983 2266 3022 audire)
2276 2984 2350 3015 No-

1283 3025 1379 3056 bilitati
1401 3034 1457 3056 tuae
1474 3050 1483 3063 ,
1502 3034 1532 3055 ut
1547 3027 1582 3055 de
1598 3025 1649 3055 illis
1663 3025 1786 3062 praefatae
1800 3031 2007 3062 compateretur
2020 3022 2171 3061 Ecclesiae,
2188 3032 2221 3053 ac
2236 3023 2351 3060 praesta-

1281 3064 1476 3132 1·61(ἰ161;1116111
1499 3065 1533 3095 &
1554 3064 1683 3095 favorem
1697 3086 1707 3100 ,
1726 3072 1776 3100 per
1798 3062 1860 3092 alias
1874 3060 1982 3091 nostras
1998 3060 2117 3092 Litteras
2131 3061 2263 3092 duximus
2276 3063 2351 3093 refe·

1282 3112 1330 3132 ren
1353 3113 1394 3132 os.

1319 3140 1514 3171 Postmodum
1528 3147 1640 3177 autem,
1659 3140 1728 3170 curn
1742 3138 1816 3177 ipsos
1830 3138 1956 3169 exceffus
1970 3139 2169 3177 nequiremus,
2184 3138 2286 3178 absque
2299 3139 2350 3171 de-

1279 3180 1330 3209 biti
1343 3179 1517 3217 appolitione
1530 3178 1684 3216 Remedii,
1702 3179 1856 3216 praeterire,
1875 3186 1968 3208 certos
1980 3186 2078 3216 graves
2095 3176 2245 3208 Proceffus
2258 3202 2268 3216 ,
2289 3179 2348 3209 exi-

1278 3226 1365 3254 gente
1376 3217 1507 3257 Justitia,
1526 3226 1625 3247 contra
1641 3217 1756 3248 eosdem
1771 3216 1858 3247 Cives
1874 3217 1908 3248 ὃ(
1922 3215 2067 3254 Populum
2080 3238 2090 3254 ,
2108 3215 2202 3254 eisque
2220 3226 2347 3254 quomo-

1276 3257 1383 3287 dolibet
1402 3256 1496 3287 dantes
1518 3256 1665 3286 Auxilium
1679 3280 1689 3294 ,
1716 3254 1895 3293 Consilium,
1913 3255 1959 3286 vel
1974 3254 2134 3293 Favorem,
2152 3255 2289 3293 fecimus,
2307 3255 2341 3285 li-

1276 3305 1337 3332 cet,
1356 3305 1457 3325 eorum
1471 3303 1651 3332 promerente
1666 3293 1788 3333 malitia,
1806 3293 1892 3333 digne
1913 3294 2099 3331 potuissemus
2121 3293 2215 3324 facere
2229 3294 2348 3330 gravio-

1276 3345 1317 3363 rcs
1326 3357 1335 3372 ,
1355 3344 1426 3372 quos
1442 3335 1472 3364 in
1486 3333 1619 3364 Romana
1634 3332 1741 3371 Curia,
1760 3333 1912 3364 communi
1928 3333 2063 3363 omnium
2077 3331 2170 3362 Patria
2183 3354 2194 3370 ,
2211 3331 2288 3363 &in
2301 3332 2346 3362 di-

1276 3373 1360 3403 versis
1379 3373 1488 3412 Regnis
1503 3395 1514 3411 ,
1537 3373 1571 3404 &
1592 3371 1694 3403 Terris
1714 3371 1854 3403 Fidelium
1870 3371 2007 3411 publicari
2024 3369 2241 3409 mandavimus,
2257 3378 2344 3409 prout

1276 3411 1381 3441 31111166
1396 3411 1584 3449 publicantur.

1313 3451 1331 3468 *³
1351 3449 1488 3488 Cumque
1511 3449 1660 3481 Processus
1678 3449 1750 3487 ipsos
1767 3449 1803 3479 ad
1816 3448 1955 3487 Regnum
1969 3446 2103 3485 Angliae,
2120 3448 2150 3477 iri
2166 3457 2227 3486 quo
2241 3457 2342 3486 quam-

1296 3488 1365 3519 lures
1386 3498 1419 3519 ex
1443 3488 1546 3519 eisdem
1568 3487 1691 3518 Civibus
1713 3488 1858 3518 immorari
1873 3487 2022 3524 dicuntur,
2042 3495 2096 3523 pro
2110 3485 2270 3524 hujusmodi
2282 3485 2342 3516 Pu-

1276 3529 1430 3558 blicatione
1441 3527 1548 3558 ibidem
1564 3526 1692 3558 facienda
1700 3549 1710 3564 ,
1729 3527 1875 3556 mittamus
1887 3526 1921 3556 ad
1934 3524 2067 3563 praesenS‚
2085 3524 2205 3555 eandem
2217 3523 2340 3554 Nobili-

1276 3575 1362 3596 tatem
1382 3576 1514 3605 rogamus
1535 3566 1642 3596 obnixe
1657 3589 1667 3603 ,
1693 3565 1821 3602 quatinus
1839 3564 1879 3594 ob
1894 3564 2098 3594 Reverentiam
2112 3562 2188 3601 Dei,
2206 3563 2240 3592 &
2254 3561 2340 3592 (116136

1278 3604 1412 3635 Ecclesiae
1421 3629 1428 3643 ‚
1447 3607 1481 3636 ὅ(
1495 3604 1529 3634 N
1532 3603 1651 3641 ostram,
1670 3603 1698 3632 in
1711 3603 1908 3634 Publicatione
1921 3627 1931 3641 ,
1955 3603 1989 3634 &
2005 3601 2182 3632 Executione
2196 3600 2340 3631 (1161016111

1277 3643 1483 3682 Proceffuum,
1501 3651 1581 3673 tuum
1595 3642 1725 3673 favorem
1739 3642 1808 3673 velis
1820 3641 1972 3672 efficaciter
1987 3641 2140 3678 impertire.
2208 3675 2218 3684 fl

1313 3682 1423 3712 Datum
1438 3682 1577 3712 Avinion.
1595 3680 1711 3712 decimo
1732 3682 1834 3727 quinto
1858 3679 1923 3711 Kal.
1938 3679 2035 3719 Junii,
2051 3676 2237 3709 Pontificatus
2249 3675 2339 3707 nostri

1279 3722 1367 3752 Anno
1383 3721 1467 3752 seXto.

2373 2733 2450 2766 Ann.
2464 2735 2508 2771 D.·
2538 2752 2539 2755 ¹

2392 2775 2476 2814 1376.

2367 2817 2421 2840 An.
2438 2823 2485 2850 50.

2366 2856 2397 2879 Ε.
2418 2861 2444 2888 3.

2369 2894 2409 2916 Ex
2422 2893 2484 2918 Au-

2367 2935 2433 2965 togr.

2359 3460 2376 3478 *
2386 3461 2457 3490 vn:

2361 3508 2424 3535 104.

1990 3758 2022 3785 T.
2038 3754 2071 3784 de
2084 3755 2208 3783 Brancis,

1918 3832 1974 3864 Sub
1976 3831 2039 3872 filis
2052 3829 2233 3860 cannabaceis.

2294 4058 2339 4090 De
