2561 4251
211 156 290 197 168

59 241 137 273 Ann.
150 239 197 271 D.

83 280 169 320 1358.

62 322 130 349 E-lv.
152 327 177 355 3.

80 2690 149 2722 Ann
172 2688 214 2720 D.

109 2730 194 2769 1358.

78 2772 131 2795 An.
150 2777 194 2804 32.

79 2850 146 2871 scot.
172 2854 216 2881 32.

79 2886 108 2909 Ε.
118 2886 214 2922 3.m.6.

94 3872 170 3903 Ann.
185 3868 229 3901 D.

116 3910 201 3950 1358.

94 3954 147 3976 Λᾶς.
168 3958 211 3984 3²·

94 3992 125 4015 E.
149 3997 172 4022 3-

95 4025 158 4052 ibid.
173 4034 211 4052 m.

96 4072 127 4099 5.

254 239 291 270 Et
306 238 340 269 de
357 237 423 269 faire
447 241 539 266 toutes
560 242 647 265 autres
669 234 764 276 choses
787 234 949 266 neceffiires
963 245 999 264 en
1021 233 1092 264 celle
1107 232 1216 271 Partie3
1235 231 1284 262 des

216 286 306 309 toutes
320 285 409 307 autres
423 274 519 305 choses
530 296 539 311 ,
556 274 707 311 comprises
720 283 748 304 es
762 273 872 304 Lettres
893 273 1044 303 avantdites
1057 272 1227 303 demorantz
1249 280 1284 300 en

217 317 277 347 leur
290 315 371 346 force
386 314 419 344 &
434 321 540 343 vertue.

257 354 295 385 Et
318 358 493 391 promettons
515 349 594 381 avoir
618 349 717 380 Ferme
740 350 774 381 &
788 348 911 379 Greable
928 356 989 379 tout
1011 357 1062 387 ce,
1079 358 1133 386 que
1153 357 1200 386 par
1213 356 1283 377 vous

221 393 289 424 serra
303 393 351 421 fait
363 400 398 420 en
414 388 508 419 nostre
521 398 601 419 noun
614 398 649 418 eu
666 387 735 419 celle
751 388 853 418 Partie.

259 430 302 460 En
317 429 548 468 Tesmoignance
564 427 600 458 de
613 436 686 465 queu
699 425 785 457 chose
798 435 869 456 nous
882 434 970 457 avons
984 424 1034 456 fait
1044 423 1131 456 cestes
1146 432 1205 454 noz
1216 422 1283 453 Let-

218 478 271 501 ttes
287 467 413 497 Overtes.

292 505 375 535 Don.
393 516 409 536 a
427 504 554 536 NVestm.
572 504 598 534 le
616 511 652 533 xx
668 503 733 541 jour
751 502 788 533 de
799 502 884 543 Juyn.

219 654 312 697 Super
336 647 541 694 Redemptione
563 656 631 680 ante
654 656 832 689 memorata,
858 646 947 679 Bulla
970 645 1006 679 de
1030 644 1163 680 Praelatis
1186 647 1286 678 Scotiae

625 708 682 728 non
705 693 881 742 obligandis.

191 804 199 814 .
223 784 431 841 INnocentius
446 781 615 822 Episcopus,
632 781 734 812 Servus
748 767 903 812 Servorum
920 779 989 818 Dei,
1007 779 1150 811 cariffimo
1164 780 1194 809 in
1203 778 1288 809 Chri-

267 823 312 852 sto
328 823 400 853 Pilio
410 845 419 859 ,
435 820 550 859 David,
566 820 645 858 Regi
658 820 811 851 Scotorum
824 818 935 858 Illustri,
952 819 1076 850 Salutem
1091 819 1123 850 &
1140 817 1288 856 Apostoli-

175 880 181 890 ι
222 871 286 893 cam
301 860 543 891 Benedictionem.

261 896 396 930 Exhibita
410 899 506 931 nobis,
528 907 580 935 pro
595 893 675 927 Parte
691 904 746 934 tua,
764 893 869 926 Petitio
883 896 1052 926 continebat
1066 895 1147 935 quod
1165 894 1287 933 dudum,

186 955 196 960 -
221 941 251 970 in
273 938 411 969 Tractatu
433 935 627 973 Concordiae,
645 934 715 965 inter
735 933 905 964 carissimum
930 935 960 963 in
975 932 1091 963 Christo
1108 933 1213 963 Filium
1235 944 1288 963 no-

163 979 174 991 ”’
186 994 200 999 -
222 978 308 1008 strum
324 974 516 1012 Edwardum,
532 974 651 1011 Regem
667 972 781 1009 Angliae
795 971 948 1009 IIlustrem,
968 972 1016 1009 qui
1036 980 1064 1001 te
1081 980 1194 1008 captum
1209 979 1284 1001 tene-

186 1032 197 1037 -
220 1017 285 1055 bat,
304 1017 335 1047 ὃς
350 1016 412 1053 Te,
431 1024 484 1052 pro
498 1013 676 1044 Liberatione
692 1012 737 1042 tua
751 1011 848 1040 habito
862 1012 894 1042 &
910 1009 1050 1047 ordinato,
1068 1019 1119 1047 pro
1133 1008 1212 1039 Parte
1228 1009 1287 1048 tua,

163 1076 169 1082 -
221 1055 316 1086 eidem
334 1054 413 1091 Regi
431 1052 541 1091 Angliae
556 1050 682 1081 Centum
698 1049 789 1080 Millia
802 1048 968 1079 Marcarum
985 1048 1083 1078 Sterlin
1102 1057 1184 1078 orum
1195 1070 1205 1085 ,
1224 1057 1287 1078 cer-

193 1114 200 1121 ·
220 1095 254 1125 tis
266 1093 412 1124 Terminis
425 1090 622 1129 persolvenda,
639 1089 658 1108 ²*
678 1087 827 1127 promissa,
847 1087 880 1117 &
904 1097 956 1124 pro
977 1087 1070 1124 promi
1095 1096 1116 1115 is
1136 1086 1288 1116 observan-

220 1133 264 1163 dis
283 1132 316 1162 &
334 1129 538 1168 adimplendis,
556 1129 627 1159 certi
646 1126 766 1157 Obsides
783 1126 857 1163 dati,
876 1136 909 1156 ac
925 1126 1010 1155 etiam
1027 1124 1073 1155 alii
1092 1124 1152 1155 dari
1170 1125 1288 1162 promis-

220 1171 257 1209 si,
275 1180 344 1201 cum
361 1169 444 1200 certis
461 1166 713 1206 obligationibus,
731 1164 846 1202 Poenis,
863 1163 898 1195 &
922 1162 1162 1195 submissionibus
1187 1163 1288 1194 extite-

221 1214 298 1240 runt:

258 1247 294 1278 Et
308 1248 390 1285 quia,
407 1245 587 1278 Venerabiles
602 1245 706 1275 Fratres
719 1238 824 1281 nostri,
843 1241 961 1273 universi
980 1241 1135 1281 Episcopi,
1152 1249 1267 1271 necnon
1277 1263 1288 1279 ,

219 1286 316 1318 dileeti
333 1286 414 1323 Filii,
435 1286 578 1322 Abbates,
596 1283 717 1319 Priores,
735 1283 768 1313 ὅ(
782 1282 828 1312 alii
843 1281 1030 1312 Ecclefiarum
1045 1282 1078 1312 &
1094 1279 1288 1311 Monasterio-

223 1335 289 1356 rum
308 1324 417 1354 Praelati
439 1325 473 1356 ὃς
497 1324 650 1358 Rectores,
670 1320 765 1359 Regni
779 1321 836 1358 tui,
853 1320 1033 1357 ipsorumque
1048 1318 1233 1349 Ecclefiarum
1254 1319 1289 1349 &

224 1363 467 1394 Monasteriorum
483 1361 527 1392 Ca
549 1360 612 1391 itula
630 1360 663 1390 ὃ(
678 1358 862 1396 Conventus,
879 1358 927 1396 Se,
942 1360 995 1388 una
1010 1367 1078 1388 curn
1092 1356 1290 1387 Nobilibus&

222 1401 431 1432 Mercatoribus
446 1400 516 1431 dieti
564 1399 648 1437 egui,
667 1405 896 1434 recognoverunt
913 1398 943 1426 in
959 1395 1104 1434 praemissis
1118 1394 1292 1433 Principales

222 1439 374 1471 Debitores
387 1440 464 1478 fore,
481 1439 558 1476 super
574 1438 630 1468 hoc
643 1438 729 1467 etiam
745 1435 908 1473 interpositis
917 1435 1097 1473 Juramentis:

260 1479 427 1518 Quodque,
447 1488 498 1516 pro
509 1478 590 1508 Parte
603 1475 670 1513 tufi,
685 1473 858 1504 Promissum
878 1474 984 1512 extitit,
1002 1473 1086 1511 idque
1106 1474 1191 1504 etiam
1210 1472 1292 1511 Jura-

224 1526 325 1548 mento
346 1516 506 1554 firmarum,
525 1515 620 1554 quod,
639 1513 711 1543 infra
735 1511 852 1542 Festum
874 1511 971 1542 Sancti
990 1511 1124 1550 Johannis
1145 1511 1287 1549 Baptistae,

224 1565 292 1586 tunc
314 1556 448 1594 proximo
470 1563 638 1590 venturum,
662 1551 733 1582 dieti
753 1550 905 1588 Episcopi,
931 1549 1059 1588 Praelati,
1078 1550 1111 1580 ὃς
1134 1549 1290 1588 Κεξῒοῑεε,

225 1593 357 1632 Capitula
369 1594 401 1624 &
414 1592 602 1630 Conventus,
619 1591 672 1629 Se,
690 1590 723 1620 &
737 1599 837 1619 eorum
851 1589 999 1627 Ecclesias,
1013 1589 1046 1619 ὃς
1062 1588 1235 1618 Monasteria
1250 1588 1294 1619 su-

225 1632 368 1670 pradieta,
387 1641 438 1669 pro
455 1630 601 1668 praemiffis
615 1630 673 1659 obli
694 1638 739 1658 are
762 1627 890 1665 possent,
908 1627 1054 1665 Licentia,
1074 1637 1187 1657 necnon
1210 1626 1292 1657 Con-

226 1670 366 1708 firmatio,
394 1670 586 1708 Approbatio,
611 1668 644 1699 &
698 1665 829 1696 atificatio
847 1665 1086 1704 Obligationum,
1108 1665 1293 1703 juramento-

224 1719 307 1747 rum,
325 1709 547 1739 Submillionum
583 1707 616 1737 &
635 1705 750 1737 aliarum
771 1704 956 1735 Securitatum
976 1714 1233 1743 quarumcumque,
1251 1703 1293 1734 su-

226 1758 275 1785 per
298 1749 350 1778 hiis
371 1757 421 1785 per
441 1746 533 1776 dictos
553 1730 726 1783 Flpiscopos,
752 1741 901 1782 Praelatos,
927 1741 1084 1780 Rectores,
1111 1741 1239 1780 Capitula
1260 1744 1294 1774 &

225 1786 392 1817 Conventus
405 1785 553 1821 factarum,
569 1795 584 1814 a
598 1784 696 1821 nobis,
712 1790 764 1819 pro
778 1781 877 1811 eadem
894 1780 974 1811 Parte
987 1781 1045 1818 tua,
1062 1782 1295 1820 impetrarentur,

225 1832 306 1863 prout
321 1826 348 1854 in
366 1823 523 1854 Parentibus
540 1822 656 1859 Literis‚
674 1821 742 1850 inde
757 1819 914 1857 confedtis,
932 1819 1054 1857 ejusdem
1070 1819 1162 1858 Regis
1179 1819 1294 1858 Angliae

225 1864 260 1894 &
277 1871 326 1893 tuo
343 1862 447 1899 sigillis
462 1861 592 1899 munitis,
612 1860 718 1898 plenius
732 1859 900 1889 continetur.

266 1901 379 1940 Quare,
398 1910 449 1939 pro
472 1899 554 1930 Parte
569 1898 634 1936 tufi,
653 1898 734 1928 nobis
757 1896 809 1927 fuit
824 1896 937 1935 saepius,
955 1896 987 1927 ὃς
1010 1895 1160 1935 instanter,
1177 1898 1210 1929 &
1227 1907 1295 1928 cum

228 1949 335 1976 magna
349 1939 511 1977 diligentia,
527 1946 590 1969 ante
606 1936 720 1967 Festum
742 1935 930 1974 praedierum,
948 1934 1090 1967 humiliter
1112 1935 1295 1974 supplicatum

227 1988 258 2009 ut
273 1979 434 2009 Licentiam
449 1976 621 2008 concedere.
642 1976 675 2006 ὃς
697 1974 768 2004 Obli
789 1975 910 2012 ationes,
928 1973 1150 2013 Submissiones,
1165 1975 1198 2005 &
1216 1974 1296 2012 Jura-

228 2026 324 2048 menta
339 2016 496 2053 huiusmodi
512 2014 693 2052 confirmare,
710 2014 761 2044 rati
783 2022 864 2052 care,
883 2013 916 2044 &
932 2013 1086 2051 approbare
1106 2013 1142 2044 de
1162 2013 1298 2052 Benigni-

227 2064 281 2086 tate
298 2055 462 2094 Apostolic-'si
474 2055 663 2090 dignaremur.

266 2094 349 2125 Licet
364 2102 477 2131 autem,
495 2093 547 2122 Fili
560 2090 711 2130 carissime,
730 2090 786 2128 illa,
803 2100 867 2129 quae
880 2088 1063 2121 Excellentiae
1079 2090 1181 2130 Regiae
1194 2090 1295 2121 statum

229 2132 399 2170 prosperum
423 2133 455 2162 &
477 2132 686 2161 incrementum
709 2130 756 2159 res
770 2131 880 2167 iciunt,
898 2130 1010 2159 intentis
1028 2129 1164 2160 desideriis
1184 2129 1301 2160 affecte-

230 2180 312 2209 mus,
328 2173 393 2215 quia
409 2180 502 2201 tamen
518 2168 675 2207 hujusmodi
699 2167 751 2198 Ob
763 2169 914 2206 igationes,
933 2167 1154 2206 Submiffiones,
1170 2168 1203 2198 &
1220 2167 1299 2208 Jura-

229 2218 342 2247 menta,
361 2220 389 2239 in
412 2208 640 2247 Episcoporum,
656 2205 861 2244 Praelatorum,
878 2205 1057 2244 Rectorum,
1083 2205 1298 2245 Capitulorum,

228 2247 453 2285 Convenarum,
473 2246 675 2283 Ecclefiarum,
693 2246 726 2276 &
742 2244 987 2275 Monasteriorum
1009 2245 1214 2283 praedietorum
1237 2255 1298 2275 ma-

228 2286 365 2316 nifestum
380 2288 414 2318 &
429 2284 600 2323 irreparabile
620 2283 807 2321 Dispendium
823 2283 1021 2325 redundarent,
1039 2284 1058 2313 si
1072 2282 1229 2329 hujusmodi
1246 2283 1297 2313 Li-

228 2326 352 2355 centiam
367 2335 425 2355 non
438 2324 641 2360 concedimus,
660 2330 742 2359 prout
757 2323 841 2353 etiarn
853 2322 926 2352 salva
945 2322 1117 2353 conscientia
1138 2322 1298 2352 concedere

229 2373 287 2393 non
303 2363 465 2401 possemus,
482 2370 528 2392 tua
543 2361 677 2391 Serenitas
691 2370 749 2390 non
763 2361 886 2390 miretur.

306 2402 372 2432 Dat.
384 2401 457 2438 apud
474 2400 579 2430 Villam
596 2399 719 2429 Novam
736 2398 872 2428 Avinion.
888 2398 1039 2437 Dioecese,
1057 2398 1215 2430 undecimo
1231 2397 1297 2429 Kal.

226 2439 312 2480 julii,
332 2438 515 2472 Pontificatus
529 2438 617 2470 nostri
633 2438 720 2469 Anno
733 2437 817 2468 seXto.

328 2586 420 2629 Super
441 2585 550 2615 Litcris
570 2579 738 2627 Apostolicis
762 2583 892 2627 receptis,
917 2579 954 2613 de
976 2582 1206 2627 Acquie‘tantia.

235 2668 364 2731 REX
383 2670 532 2707 omnibus,
551 2667 585 2699 ad
601 2677 686 2705 quos,
705 2668 766 2698 &o
805 2666 939 2697 Salutem.

334 2708 432 2739 Sciatis
444 2708 521 2746 quud
532 2730 541 2744 ,

233 2746 354 2816 d,Cum
376 2745 487 2777 Pri-:lati
510 2746 544 2777 de
564 2743 677 2782 Scotifi,
695 2744 774 2782 juxta
791 2743 915 2774 formam
934 2742 1086 2774 ‘ri-aeratus
1103 2744 1137 2776 &
1164 2742 1300 2775 Concor-

255 2796 288 2816 1ae

271 2808 347 2855 In’ter
373 2822 538 2853 Concilium
559 2820 689 2852 nostrum
705 2822 738 2853 δε
754 2819 888 2858 quosdam
911 2818 1061 2858 Praelatos,
1081 2820 1246 2859 Magnates,
1265 2821 1298 2852 &

232 2863 299 2893 alios
317 2863 353 2892 de
376 2862 488 2899 Scotia,
507 2861 584 2898 super
606 2860 818 2891 Deliberatione
846 2859 944 2890 David
965 2858 1001 2889 de
1025 2859 1128 2899 Bruys,
1155 2859 1300 2890 Prisonarii

230 2901 338 2938 nostri,
356 2901 466 2938 pridem
482 2901 630 2937 initorum,

271 2940 372 2970 Literas
389 2938 583 2976 Apostolicas,
603 2938 779 2968 continentes
794 2936 874 2975 quod
891 2936 960 2975 ipsi,
976 2937 1012 2974 se,
1030 2938 1063 2968 &
1080 2935 1216 2967 Ecclesias
1230 2936 1297 2975 suas,

232 2977 267 3009 ad
283 2988 331 3016 ea,
350 2988 412 3015 quae
426 2979 456 3006 in
471 2977 553 3007 dietis
568 2976 703 3006 TraCtatu
718 2974 928 3007 &Concordia
945 2976 1126 3006 continentur
1149 2974 1298 3012 complen-

230 3017 267 3047 da
294 3017 327 3048 &
346 3015 514 3045 observanda
534 3014 656 3053 obligare
676 3014 796 3052 poffint,
817 3015 850 3045 &
866 3013 945 3052 quod
961 3014 1108 3045 Dominus
1118 2998 1196 3051 1²>apa
1210 3013 1297 3044 Obli—

231 3057 370 3095 gariones,
390 3054 584 3090 Sacramenta,
602 3052 821 3092 Submiffiones‚
838 3053 872 3083 &
887 3052 950 3082 alias
971 3052 1135 3083 Securitates
1148 3061 1298 3090 quaecum-

233 3104 305 3132 que,
323 3103 374 3131 pro
397 3091 588 3129 completione
603 3091 809 3128 praemifforum
831 3091 918 3128 facta,
936 3090 1097 3129 ratificaret,
1113 3092 1298 3129 approbaret,

232 3135 267 3164 ὅ(
287 3130 481 3169 confirmaret,
502 3139 565 3160 ante
587 3129 705 3167 praesens
726 3129 840 3159 Festum
863 3129 1029 3160 Nativitatis
1046 3129 1144 3160 Sancti
1160 3128 1300 3167 Johannis

233 3169 364 3208 Baptistae
375 3193 384 3208 ‚

273 3209 307 3239 ln
320 3218 378 3247 quo
395 3206 477 3238 Festo
494 3206 609 3236 Decem
624 3205 709 3247 Milia
723 3205 888 3237 Marcarum
899 3228 908 3244 ,
925 3205 961 3236 de
978 3207 1066 3243 prima
1080 3204 1229 3236 Solutione
1241 3205 1300 3235 illa-

236 3258 298 3277 rum
312 3248 439 3277 Centum
454 3245 572 3276 Milium
589 3243 771 3283 Marcarum,
789 3255 841 3282 pro
857 3244 1070 3283 Redemptione
1093 3242 1222 3282 praedieti
1238 3243 1299 3274 Da-

237 3286 285 3317 vid
300 3285 514 3321 solvendarum,
533 3283 617 3312 nobis
633 3283 818 3321 solverentur,

267 3323 419 3362 Impetrare
432 3323 464 3354 &
479 3322 561 3352 nobis
576 3320 682 3352 tradere
695 3329 851 3358 teneantur,

268 3362 418 3392 Noveritis
437 3371 488 3391 nos
506 3359 615 3390 easdem
635 3360 740 3390 Literas
760 3360 949 3397 Apostolicas,
975 3367 1024 3397 per
1044 3357 1166 3395 Manus,
1181 3357 1300 3388 dilecto-

235 3410 301 3431 rum
320 3402 353 3431 ἃ
371 3400 492 3430 fidelium
509 3398 683 3435 nostrorum,
701 3397 823 3438 Henrici
842 3398 877 3427 de
896 3398 1004 3438 Percy,
1022 3396 1165 3434 Radulphi
1181 3395 1217 3425 de
1234 3396 1300 3426 Ne-

236 3438 306 3475 vill,
329 3441 362 3469 ὃς
383 3437 518 3477 Johannis
544 3437 580 3467 de
607 3436 792 3474 Coupeland,
816 3437 967 3474 recepisse,
990 3436 1027 3466 de
1047 3436 1148 3474 quibus
1170 3433 1303 3464 Praelatos

236 3477 388 3515 praedictos
405 3485 585 3506 exoneramus
603 3477 635 3507 ὃς
654 3476 808 3512 quictamus
827 3484 875 3512 per
894 3475 1054 3512 praesentes,
1081 3473 1190 3503 caeteris
1209 3474 1303 3502 omni-

238 3516 309 3584 ἕως,
336 3515 365 3558 in
390 3514 471 3545 dictis
492 3514 627 3545 Tra&atu
652 3514 686 3545 ὃς
711 3511 882 3544 Concordia
904 3513 1059 3550 contentis,
1083 3512 1113 3541 in
1132 3510 1182 3541 suo
1197 3511 1301 3542 robore

259 3560 378 3583 uraturis.

275 3591 308 3622 In
326 3591 422 3628 cujus,
439 3591 499 3621 &c.

307 3628 374 3660 Dat.
387 3630 460 3667 apud
474 3628 597 3659 Westm.
617 3628 753 3661 vicesimo
769 3636 868 3667 quarto
880 3628 926 3659 die
936 3627 1022 3667 Junii¹

922 3705 975 3733 Per
991 3702 1073 3743 ipfism
1094 3703 1196 3740 Regem.

379 3851 472 3893 Super
495 3851 664 3894 Receptione
685 3850 884 3888 Literarum‚
910 3845 946 3879 de
970 3843 1167 3880 exonerando.

248 3930 366 3987 REX
385 3932 518 3962 omnibus
552 3932 586 3962 ad
601 3942 690 3970 qUOS,
705 3931 765 3962 &c.
799 3930 932 3960 Salutem.

246 4008 292 4042 tsis
306 4008 339 4039 &
355 4006 545 4045 Concordiae,

285 4047 361 4080 lnter
376 4045 544 4077 Concilium
557 4045 683 4076 nostrum
692 4069 702 4084 ,
716 4047 749 4079 ὃς
765 4043 900 4085 quosdam
924 4043 1072 4083 Praelatos,
1092 4043 1245 4083 Magnates
1253 4063 1265 4080 ,
1278 4042 1313 4074 &
1349 4041 1485 4079 Anegos,

341 3969 439 3999 Sciatis
454 3955 551 4007 quod,
568 3971 640 4001 cum
657 3969 769 4000 Praelati
780 3967 816 3999 de
829 3968 940 4006 Scotia,
956 3969 1034 4006 juxta
1049 3968 1173 3999 formam
1186 3965 1308 3998 Tracta-

660 141 1916 197 CONVENTIONES,L1TERAE,

1320 229 1389 274 alios
1402 229 1565 275 deScotia,
1580 231 1658 270 super
1672 230 1884 263 Deliberatione
1900 230 1998 263 David
2010 229 2045 262 de
2061 230 2163 272 Bruys,
2181 230 2390 265 Prisonariino-
2407 232 2488 265 Ann.
2499 233 2533 267 D

1320 268 1386 307 stri,
1403 269 1513 306 pridem
1527 277 1679 308 initorum,
1804 272 1819 286 ·
2430 273 2516 313 1358.
2532 253 2560 294 Ἀ

1359 307 1378 326 *
1399 307 1507 338 Literas
1522 307 1720 346 Apostolicas,
1993 328 1996 331 -
2412 312 2480 338 rid-u.
2515 303 2558 342 ,ἢ

1359 345 1493 384 Quarum
1518 347 1619 384 vigore
1642 346 1764 385 poffint,
1781 345 1818 376 de
1836 345 1964 384 expresso
1981 344 2122 378 Mandato
2145 345 2249 387 Papae,
2268 346 2389 380 Proces-
2410 348 2430 369 ²¹²
2441 343 2558 388 V1.9r.¹*

1321 383 1379 451 sug,
1397 383 1552 416 sententias
1569 385 1602 416 &
1623 383 1776 423 Censuras,
1790 384 1915 415 ferendas
1933 385 1994 414 tam
2011 385 2041 414 in
2059 384 2212 417 Personam
2229 387 2300 418 dieti
2325 386 2389 418 Da·
2545 379 2558 400 ³

1319 431 1348 452 vr

1359 444 1434 490 Nion
1450 460 1623 493 obstantibus
1635 461 1861 503 quibuscumque
1874 460 2051 499 Privilegiis,
2070 461 2138 500 fibi,
2154 472 2202 502 per
2222 462 2389 496 Dominum

1320 496 1431 536 Papam
1452 500 1609 539 conceffis,
1627 501 1657 531 in
1679 502 1741 532 casu
1763 510 1823 539 quo
1845 499 1991 530 Indultum
2014 499 2045 530 fit
2067 499 2135 539 sibi,
2152 511 2202 539 per
2221 500 2390 536 Dominum

1321 536 1447 581 Papam,
1465 537 1545 575 quod
1560 539 1635 577 ipse,
1648 539 1699 582 *vel
1714 537 1840 576 Capeuae
1854 538 1921 577 suae,
1939 547 1985 569 aut
2001 537 2131 569 Ministri
2145 540 2196 578 sui,
2213 540 2314 581 absque
2328 542 2391 580 spe-

1323 576 1387 619 ciali
1404 575 1546 619 Mandato
1561 576 1686 607 Domini
1709 576 1811 616 Papae,
1826 576 1970 615 suspendi,
1990 577 2136 617 interdici,
2152 578 2198 610 vel
2218 587 2391 611 excommu-

1322 623 1411 644 nicari
1427 624 1486 644 non
1500 621 1649 652 poterunt,

1323 691 1343 722 t.
1362 652 1461 692 Quam
1480 653 1510 683 in
1532 652 1665 684 Personas
1682 651 1841 685 Procerum
1857 653 1890 684 &
1901 653 2098 686 Mercatorum
2115 655 2186 687 dieti
2206 654 2306 694 Regni
2319 655 2392 688 Sco-

1337 701 1370 721 iae
1392 714 1394 719 .

1363 713 1393 760 s’i
1411 730 1442 760 in
1456 729 1603 761 Solutione
1616 728 1745 760 Centum
1762 727 1882 759 Milium
1906 727 2091 770 Marcarum,
2109 741 2161 770 pro
2180 731 2394 771 Redemptione

1326 768 1460 838 {533ss
1460 768 1581 839 affin?
1583 766 2180 844 ⁰1¹3?srrsss'lfflffissff‘e'offiofdiffiffiffl
2201 771 2329 811 st³‘¹¹‘⁰⁵'
2345 771 2396 840 ‘ie‘

1380 847 1384 851 .
1453 829 1463 845 ,
2052 820 2057 825 ¹
2099 819 2108 839 i
2179 820 2240 840 non
2263 819 2354 849 comp
2363 820 2395 841 e-

1325 854 1437 883 verint,

1364 884 1534 915 Executioni
1549 883 1734 924 demandare,

1362 922 1515 961 impetrare
1529 931 1671 953 teneantur
1678 945 1689 961 ,

1363 960 1513 992 Noveritis
1527 971 1579 991 nos
1590 960 1679 991 dieras
1696 960 1802 991 Literas
1822 959 1998 998 Apostolicas
2018 970 2067 999 per
2091 970 2206 1001 marius,
2224 960 2395 995 dilectorum

1326 998 1359 1029 &
1376 999 1501 1030 fidelium
1513 999 1693 1037 nostrorum,
1709 999 1830 1030 Henrici
1844 1000 1880 1029 de
1894 999 1982 1040 Percy
1991 1023 2002 1039 ,
2017 1000 2159 1039 Radulphi
2173 1001 2209 1032 de
2232 1001 2348 1040 Nevill,
2359 1003 2394 1034 &

1322 1037 1461 1075 Johannis
1474 1038 1510 1069 de
1535 1037 1704 1076 Coupeland
1739 1037 1891 1075 recepisse,

1363 1074 1411 1106 De
1428 1077 1529 1115 quibus
1542 1077 1692 1120 praedit‘ssos
1707 1060 1839 1120 Praelatos
1851 1085 2035 1119 exoneramus
2044 1077 2077 1108 &
2110 1079 2245 1110 uietamus
2260 1088 2309 1117 per
2323 1087 2397 1117 prae-

1326 1112 1414 1157 sentes
1427 1126 1437 1153 3
1455 1117 1562 1145 caeteris
1575 1116 1727 1153 omnibus,
1744 1122 1775 1145 in
1789 1114 1870 1145 dietis
1885 1114 2023 1145 Tractatu
2037 1116 2070 1147 δε
2136 1117 2254 1149 ηεοῐάίᾶ,
2275 1125 2397 1148 conten-

1328 1160 1377 1221 tisf
1395 1153 1424 1182 in
1441 1153 1489 1196 suo
1504 1154 1607 1185 robore
1616 1153 1759 1184 duraturis.

1366 1192 1831 1268 Ιςεξυὲιξιῖἀόὅῧείὶτηοηαίὶεῐίυῐη
1841 1254 1851 1269 ,
1868 1230 2004 1262 vicesimo
2026 1238 2125 1269 quarto
2142 1229 2188 1262 die
2200 1231 2286 1270 Junii.

1331 1354 1390 1390 Ad
1409 1357 1609 1402 Sencfiallum
1632 1360 1753 1399 Scotiae‚
1779 1356 1815 1390 de
1839 1360 2039 1405 Primogenito
2053 1357 2111 1403 sito
2136 1360 2206 1404 (qui
2216 1355 2313 1404 postea
2334 1361 2401 1393 Rex

1688 1405 1802 1451 Scotiae)
1826 1404 2028 1440 deliberando.

1332 1488 1459 1545 REX
1474 1491 1626 1531 Roberm,
1643 1490 1801 1524 Senescallo
1817 1492 1942 1532 Scotiae,
1960 1491 2093 1524 Salutem.
2416 1495 2492 1524 Ann.
2505 1491 2561 1525 ΠΙ

1428 1531 1527 1562 Sciatis
1542 1531 1621 1570 quod
1640 1533 1813 1570 recepimus,
2438 1532 2524 1572 1358.

1368 1567 1423 1599 Per
1438 1580 1553 1607 manuS,
1569 1570 1741 1601 duecilorum
1756 1571 1789 1602 &
1802 1569 1928 1601 fidelium
1940 1569 2120 1608 nostrorum,
2138 1568 2260 1602 Henrici
2279 1569 2315 1602 de
2330 1568 2398 1602 Per-
2414 1574 2470 1600 An.
2484 1580 2529 1608 3²·
2544 1593 2553 1606 J

1329 1615 1365 1645 cy
1380 1608 1414 1638 &
1430 1607 1572 1646 Radulphi
1586 1608 1622 1639 de
1635 1608 1756 1647 Nevill,
2415 1613 2446 1637 Ε.
2467 1618 2494 1646 3.
2542 1609 2557 1618 '⁵

1368 1645 1416 1676 Illa
1433 1645 1549 1677 Decem
1566 1646 1649 1677 Milia
1665 1647 1850 1685 Marcarum,
2455 1646 2519 1677 ihil.
2554 1680 2557 1685 ,

1370 1684 1450 1723 Quae
1466 1685 1563 1715 David
1577 1684 1613 1714 de
1636 1684 1738 1723 Bruys,
1757 1685 1929 1715 Prisonarius
1951 1685 2066 1724 noster,
2082 1684 2209 1724 Praelati,
2228 1685 2398 1726 Magnates,
2482 1689 2484 1692 '
2535 1681 2542 1693 ³

1332 1720 1520 1762 Mercatores,
1539 1723 1572 1753 &
1587 1721 1768 1753 Communes
1783 1723 1880 1760 Regni
1894 1723 2001 1754 Scotiae
2017 1725 2110 1762 nobis,
2128 1726 2158 1754 in
2173 1725 2299 1763 praesenti
2314 1725 2399 1757 Festo

1332 1760 1496 1792 Nativitatis
1508 1761 1605 1793 Sancii
1616 1761 1754 1800 Johannis
1768 1760 1914 1799 Baptistae,
1933 1761 2037 1792 solvere
2058 1770 2202 1802 tenentur,

1364 1798 1398 1829 In
1413 1809 1520 1837 partem
1537 1800 1691 1830 Solutionis
1708 1799 1834 1830 Centum
1851 1799 1971 1830 Milium
1989 1799 2174 1839 Marcarum,

1365 1836 1400 1868 In
1417 1840 1517 1877 quibus
1536 1838 1678 1877 praediCti,
1696 1838 1811 1877 David,
1828 1837 1957 1877 Praelati,
1982 1838 2173 1876 Mercatores,
2195 1839 2228 1871 &
2253 1839 2400 1872 Commu-

1332 1886 1396 1915 neS,
1414 1887 1468 1915 pro
1486 1877 1696 1909 Deliberatione
1711 1877 1745 1909 &
1762 1877 1976 1916 Redemptione
1994 1877 2074 1915 ipsius
2088 1876 2203 1916 David,
2227 1879 2309 1910 nobis
2325 1879 2402 1910 obli-

1333 1924 1452 1954 gantur,
2404 1950 2407 1952 ,

1369 1952 1462 1985 Certis
1473 1952 1621 1986 Terminis
1635 1954 1842 1985 solvendarum.
2526 1958 2534 1980 1

1365 1992 1468 2024 Primo
1481 1993 1626 2024 Termino
1635 1993 1789 2024 Solutionis
1804 1992 1871 2023 inde
1887 1993 1918 2022 in
1934 1993 2035 2024 eodem
2051 1992 2135 2024 Festo
2150 1993 2314 2025 Nativitatis
2329 1993 2401 2026 San-
2560 1990 2561 1995 ¹

1335 2032 1374 2062 Cli
1387 2031 1524 2077 Johannis
1536 2033 1691 2070 incipiente
1699 2055 1709 2071 ,

1369 2070 1407 2103 Et
1423 2070 1502 2109 quod
1517 2070 1600 2109 Nos,
1615 2070 1695 2102 eade
1715 2069 2102 2108 causa,J0HANN1·:M,
2128 2070 2295 2101 FiLrtJM
2322 2068 2402 2101 Vr:-

1335 2118 1488 2141 STRUM
1507 2107 1712 2140 PR1M0GE
1725 2117 1835 2139 NiTu
1849 2117 1895 2146 M,
1912 2109 1995 2138 nobis
2018 2110 2045 2137 in
2067 2108 2225 2147 obsidem,
2242 2111 2313 2140 inter
2333 2108 2402 2139 alios

1334 2148 1460 2186 Nobiles
1475 2148 1545 2178 dieti
1562 2147 1658 2185 Regni
1673 2147 1796 2184 Scotire,
1814 2156 1868 2184 pro
1881 2146 2022 2184 praedie‘co
2036 2146 2133 2178 David
2148 2147 2289 2186 liberatos,
2306 2157 2322 2178 a
2338 2146 2400 2178 Cu-

1334 2186 1441 2224 stodia,
1460 2186 1515 2224 qua
1529 2186 1681 2224 detinetur,
1697 2185 1926 2222 deliberavimus,

1372 2225 1410 2256 Et
1435 2224 1562 2256 vestrum
1580 2224 1715 2255 Secundo
1736 2225 1883 2262 genitum,
1909 2224 2033 2254 Fratrem
2051 2224 2131 2262 ipfius
2145 2223 2281 2263 Johannis
2291 2247 2301 2263 ,
2319 2223 2403 2255 Loco

1334 2263 1458 2301 ejusdem
1472 2263 1626 2302 Johannis,
1642 2265 1673 2293 in
1691 2262 1832 2293 Obsidem
1849 2273 1933 2300 penes
1950 2272 2002 2292 nos
2024 2271 2218 2300 moraturum,
2241 2263 2404 2294 admifimus

1332 2303 1410 2340 J'uxm
1428 2302 1552 2333 formam
1566 2300 1720 2332 Transsatus
1734 2301 1768 2332 &
1784 2299 1978 2338 Concordiae,
1995 2300 2074 2340 super
2096 2301 2310 2332 Deliberatione
2351 2312 2404 2332 rae-

1335 2340 1406 2371 dieti
1420 2340 1535 2379 David,
1553 2341 1665 2378 pridem
1680 2340 1858 2371 habitorum·
1879 2341 1987 2371 caeteris
1999 2339 2065 2378 aliis,
2080 2340 2109 2369 in
2116 2340 2254 2370 Tradtatu
2269 2340 2302 2371 ὃς
2346 2350 2401 2371 on-

1336 2379 1434 2411 cordia
1450 2379 1592 2419 praedictis
1615 2379 1772 2416 contentis,
1790 2378 1818 2407 in
1831 2364 1916 2416 pleno
1933 2379 1982 2409 suo
2003 2378 2108 2409 robore
2123 2377 2274 2417 duraturis,
2293 2380 2327 2410 &
2340 2378 2400 2411 hoc

1334 2419 1414 2449 vobis
1429 2417 1617 2455 significamus
1633 2427 1682 2456 per
1696 2417 1848 2455 praesentes.

1366 2456 1399 2487 In
1419 2458 1514 2495 cujus,
1531 2458 1593 2488 &c.

1406 2495 1476 2526 Dat.
1493 2495 1567 2533 apud
1586 2493 1893 2533 Westmonasterium,
1911 2493 2050 2525 vicefimo
2070 2502 2169 2535 quarto
2184 2494 2231 2525 die
2243 2493 2330 2534 Junii.

1360 2625 1454 2669 Super
1476 2624 1583 2655 Prima
1606 2620 1754 2655 Solmione
1778 2618 1993 2665 Redemptionis
2015 2619 2128 2653 David
2147 2619 2183 2652 de
2206 2622 2319 2667 Bruys,
2343 2619 2380 2654 de

1753 2668 1959 2715 acquIetando.

2422 2741 2542 2774 Ann.D.

2438 2782 2522 2821 1358.
2558 2806 2559 2809 ,

2417 2825 2469 2849 An.
2490 2830 2532 2858 32.

2416 2864 2446 2887 E.
2463 2868 2491 2896 3.
2518 2882 2521 2885 .
2541 2868 2545 2877 ι

2413 2900 2479 2926 Scor.
2500 2905 2552 2934 32„

2409 2940 2441 2964 Ε.
2458 2945 2528 2973 3.m.
2556 2939 2557 2945 ¹

1402 2756 1465 2788 EX
1479 2758 1634 2827 .0¹.¹¹¹³ibu⁵5
1651 2755 1685 2788 ad
1700 2765 1786 2796 quos,
1802 2756 1864 2788 &c.
1898 2754 2030 2786 Salutem.

1373 2797 1551 2866 Curgcigtfiissi
1574 2798 1628 2866 ude
1643 2819 1753 2874 'Bruys,
1770 2832 1940 2864 Prisonarius
1960 2832 2072 2877 noster,
2089 2831 2215 2872 Praelati,
2234 2832 2402 2872 Magnates,

1335 2873 1530 2911 Mercatores,
1548 2875 1582 2906 &
1595 2873 1776 2904 Communes
1791 2872 1828 2903 de
1844 2872 1950 2909 Regno
1969 2871 2092 2908 Scotiae,

1369 2912 1451 2952 Juxta
1462 2912 1631 2943 Tractatum
1645 2913 1678 2944 &
1695 2910 1902 2954 Concordiam,
1924 2910 1996 2947 apud
2011 2909 2189 2953 l3erewicum
2211 2909 2291 2948 super
2305 2910 2396 2943 Twe-

1334 2950 1419 2990 dam,
1437 2951 1516 2988 super
1531 2951 1742 2982 Deliberatione
1756 2950 1837 2987 ipsius
1851 2948 1965 2985 David,
1983 2947 2094 2985 pridem
2111 2948 2238 2986 habitos,

1367 2990 1532 3020 Teneantur
1554 2989 1660 3020 solvere
1680 2989 1764 3018 nobis
1784 2987 1899 3030 Decem
1923 2986 2005 3029 Milia
2022 2984 2204 3029 Marcarum,
2222 2988 2253 3017 in
2267 2987 2394 3025 praesenti

1336 3027 1423 3059 Festo
1443 3028 1608 3058 Nativitatis
1630 3027 1727 3058 Saned
1742 3025 1880 3064 Johannis
1902 3023 2049 3062 Bapustae‚
2073 3034 2103 3054 in
2122 3033 2231 3062 partem
2253 3025 2400 3058 solutionis

1335 3066 1462 3098 Centum
1480 3066 1598 3096 Milium
1612 3064 1790 3097 Marcarum‚

1375 3105 1408 3135 In
1430 3105 1531 3143 quibus
1549 3104 1635 3135 iidem
1675 3102 1790 3139 David,
1808 3101 1937 3139 Pr-aelati,
1954 3099 2123 3139 Magnates,
2150 3100 2343 3141 Mercatores,
2362 3104 2396 3135 δε

1335 3143 1537 3187 Communes,
1563 3153 1615 3180 pro
1640 3127 1850 3179 Redemptione
1876 3141 1909 3172 &
1934 3138 2146 3171 Deliberatione
2180 3140 2261 3179 ipfius
2285 3141 2401 3181 David,

1334 3181 1628 3249 noggriziff'lfqrgiiiiiiiis
1639 3217 1834 3249 solvendarum
1842 3241 1852 3253 ,

1373 3259 1390 3275 ὕ
1406 3257 1507 3300 Primo
1528 3257 1671 3288 Termino
1688 3257 1723 3288 ad
1742 3256 1819 3288 idem
1838 3255 1956 3288 Festum
1971 3255 2134 3288 Nativitatis
2151 3255 2248 3287 Sanffi
2265 3256 2433 3295 Johannis&
2444 3260 2555 3298 V1.9232

1336 3294 1467 3333 Baptistae
1480 3296 1636 3334 incipiente
1644 3318 1654 3334 ,

1373 3334 1522 3364 Noveritis
1539 3345 1590 3365 nos
1607 3333 1742 3372 praediCta
1759 3334 1872 3366 Decem
1892 3332 1977 3364 Milia
1990 3331 2166 3369 Marcarum,
2182 3331 2218 3363 de
2234 3332 2315 3364 dieto
2327 3333 2403 3365 Ter-

1338 3374 1421 3403 mino
1446 3372 1612 3403 Nativitatis
1635 3372 1731 3404 Sancti
1753 3373 1907 3411 JohanniS,
1923 3381 1972 3409 per
1989 3380 2103 3408 manus,
2125 3369 2298 3402 dilectorum
2316 3373 2349 3404 &
2367 3374 2403 3403 fi·
2453 3390 2460 3397 ι

1338 3412 1457 3455 delium·
1471 3410 1650 3449 nostrorum,
1673 3411 1793 3443 I-lenrici
1815 3411 1849 3442 de
1873 3410 1983 3454 Percy,
2005 3408 2150 3477 Radullphi
2168 3408 2204 3453 de
2227 3409 2343 3449 Nevill,
2364 3413 2399 3444 &

1335 3450 1471 3488 joliannis
1494 3449 1530 3480 de
1554 3449 1721 3488 Coupeland
1761 3461 1778 3480 a
1802 3448 1939 3487 praefatis,
1957 3446 2070 3484 David,
2111 3447 2227 3486 raelatis,
2254 3447 2400 3487 Magnan-

1339 3490 1406 3526 bus,
1426 3487 1653 3527 Mercatoribus,
1666 3490 1700 3520 &
1719 3473 1930 3519 Communibus
1946 3485 1982 3517 de
2001 3485 2115 3524 Scotia,
2133 3485 2285 3525 recepisse,

1340 3523 2351 3596 οοῇἳὲἰηὲἓὶόἓῒἑκέἒέἵῈέςῖἕῖῙίἒῇἳὲυῪίῗὲἰῇωἚΞὲἴὲΐᾰε
2366 3526 2401 3596 ἓ

1341 3605 1500 3673 ὃιέεωῐῃέξ
1514 3588 1562 3641 p²er
1575 3602 2021 3671 Praesentes3scaeteriks'oomgibu5,
2037 3602 2067 3645 in
2074 3601 2178 3633 eisdem
2184 3600 2401 3634 Tractatitius&

1392 3652 1462 3672 neor
1482 3651 1513 3671 ns
1527 3650 1684 3679 contentffl,
1701 3651 1732 3671 in
1755 3650 1793 3671 uo
1806 3650 1840 3670 ro
1882 3650 1910 3671 re
1945 3649 1990 3670 ura
2003 3649 2066 3670 uris.

1338 3757 1353 3796 J
1376 3679 1605 3762 1535&ch
1627 3717 1701 3756 apud
1730 3715 2018 3749 Westmonasterium
2032 3738 2043 3754 ,
2073 3713 2207 3747 vicesimo
2230 3722 2330 3754 quarto
2359 3716 2406 3749 die

1357 3767 1423 3788 unii.

1828 3831 1840 3837 “
2546 3823 2550 3842 i

1345 3886 1404 3916 Pro
1429 3881 1543 3913 Comite
1566 3876 1602 3911 de
1625 3881 1764 3926 Anegos,
1788 3889 1845 3910 uno
1868 3873 2011 3919 Obfidnm
2029 3883 2085 3919 pro
2108 3872 2223 3906 David
2242 3871 2279 3907 de
2302 3876 2408 3925 Bruys.
2423 3892 2561 3930 Amr

1349 3962 1489 4018 REX,
1507 3965 1568 3996 &c
1609 3963 1741 3994 Salutem.
2422 3932 2528 4009 2123ss-

1444 4001 1543 4033 Sciatis
1560 4002 1640 4040 quod
1658 3999 1857 4037 comminus,
1871 3999 1905 4031 &
1924 3996 2082 4029 licentiam
2100 3995 2230 4029 dedimus
2245 3996 2357 4029 Comiti
2371 3996 2409 4028 de
2423 4016 2454 4040 E.
2471 4019 2517 4077 {A

2340 4070 2404 4103 Uni
2460 4052 2474 4078 ¹
2492 4048 2498 4054 ⁵
2515 4066 2524 4082 ⁹
