2561 4251
784 200 891 242 ET
974 201 1239 243 ACTA
1321 201 1800 245 PUBLICA.

7 294 80 326 Ann.
99 291 140 322 D.
149 291 194 323 vel
208 301 257 330 per
270 290 328 321 dies
342 289 423 320 octo
439 297 487 326 per
499 295 563 318 ante
578 285 623 318 vel
637 285 717 326 post·⁹
736 286 792 317 hoc
804 286 901 318 addito
915 286 1004 325 quod,
1024 287 1043 317 si
1058 288 1152 325 aliquis
1166 286 1211 317 di-

34 335 116 369 1253.

3 375 70 398 Edu.
88 380 115 408 3.

11 1050 140 1085 ⁸V,771.

153 333 265 363 erorum
282 329 495 359 Procuratorum
512 326 636 356 Partium
652 326 868 363 praedi&arum,
886 325 1024 363 pendente
1046 325 1126 356 dieto
1137 326 1212 356 Ter-

154 371 253 406 mino,
267 366 372 406 aliquid
387 366 504 402 viderit,
521 364 589 395 ultra
601 363 703 395 Causas
719 364 840 401 superius
859 364 1038 402 expreffatas,
1056 364 1132 402 quod
1148 364 1210 402 pos-

148 409 187 439 set
204 416 272 438 cum
287 404 362 435 Pace
381 402 518 442 praedieta
535 403 725 440 concordare,
751 402 795 433 seu
818 402 917 432 melius
936 402 1055 432 eandem
1073 403 1213 433 corrobo-

149 456 224 483 rare,
247 443 345 482 quod,
369 451 403 472 ex
420 452 477 471 uno
495 441 647 478 consensu,
665 451 713 478 per
734 440 947 478 Procuratores,
970 449 1037 471 tunc
1058 441 1138 470 simul
1156 442 1215 470 exi-

150 485 266 521 stentes,
293 479 442 519 praedidtus
464 479 591 510 Ριιῑιὲὶυε
619 479 664 510 vel
693 478 779 509 Gisus
805 488 872 509 cum
898 477 972 509 Pace
995 479 1107 516 praefata
1125 479 1214 517 postet

152 521 298 560 conjungi.

187 559 233 590 ΙΤ
243 569 261 589 Ε
272 567 299 588 Μ
336 557 395 595 plus
406 556 447 586 est
463 555 634 586 Ordinatum
651 565 700 592 per
715 554 910 585 Procuratores
933 554 1120 594 supradictos,
1136 554 1215 594 quod

172 598 284 628 uaelibet
299 581 364 627 Pars
379 595 461 625 faciat
477 594 582 624 Pacem
600 601 782 636 praenotatam
800 595 827 623 in
842 593 893 623 suis
908 595 1037 632 partibus,
1057 596 1090 625 &
1104 596 1133 625 in
1148 595 1214 624 loco

151 609 250 667 Pontis
266 634 385 672 Reindi,
403 633 493 671 palam
508 633 541 663 ὃς
556 631 670 669 publice
686 631 866 669 denunciari,
893 633 1049 671 publicari,
1067 633 1101 663 δε
1122 632 1217 662 notifi-

153 676 227 713 cari,
245 675 348 711 etiam,
365 683 381 702 a
396 680 524 708 tempore
541 679 600 708 quo
619 669 689 700 dieti
708 669 904 700 Procuratores
928 672 956 700 in
976 671 1062 701 Locis
1085 671 1135 700 suis
1158 671 1216 699 exi-

154 714 242 752 stant,
260 712 331 743 infra
351 711 481 750 Qatuor
498 709 556 739 dies
573 708 741 746 mamistam
765 708 873 739 Pacem
895 709 1037 747 publicare
1063 707 1166 738 faciant
1184 708 1218 738 &

152 751 307 782 notificare.

194 791 240 820 IT
251 797 298 820 EM
309 812 318 826 ,
334 787 386 818 fuit
402 786 462 824 plus
469 784 639 815 Ordinatum
651 784 729 825 quod
738 785 943 823 Procuratores,
950 785 1046 822 quiibi
1061 783 1220 822 existerent,

153 829 263 867 jurent,
283 827 379 857 Cruce
394 827 427 857 ὃς
444 824 552 854 Sancus
566 822 734 861 Ewangeliis
749 825 910 861 praepositis,
928 833 980 860 pro
994 822 1030 860 se,
1047 823 1080 853 ὃς
1097 823 1127 852 in
1144 822 1219 852 Ani-

158 868 257 897 mabus
278 865 420 895 mdiorum
443 862 682 893 constituentium
693 884 703 900 ,
721 862 798 900 quod
822 862 871 898 ipsi
887 862 1024 891 tenebunt
1042 862 1075 892 &
1090 860 1218 891 observa-

158 907 247 945 bunt,
265 903 352 935 teneri
373 903 406 933 &
427 901 566 931 observari
587 899 710 937 facient,
729 900 893 937 praesentem
909 898 1016 929 Pacem
1037 899 1070 929 &
1086 898 1220 929 Concor-

158 945 235 975 diam
259 944 330 973 bene
351 941 383 972 &
399 940 542 977 legitime,
561 948 630 969 cum
643 938 777 968 omnibus
792 936 1027 968 Ordinationibus
1040 937 1221 975 ,supradiCtis,

153 983 229 1022 juxta
242 980 321 1020 poffe
334 982 420 1011 suum.
491 1017 495 1021 Ι
723 1014 729 1019 ⁶
834 1014 839 1019 ⁸
903 1015 908 1020 ⁸
992 1015 997 1021 ⁸
1042 1015 1048 1020 ·

195 1021 247 1059 Et,
265 1019 414 1058 postquam
427 1016 498 1047 dicii
510 1015 706 1046 Procuratores
721 1024 751 1043 in
770 1013 853 1044 Locis
871 1013 922 1044 suis
943 1021 1100 1051 extiterint,
1117 1013 1221 1043 debent

160 1059 324 1098 Majorem,
343 1058 361 1076 ²*
378 1057 506 1094 juratos,
524 1054 609 1083 etiam
626 1052 779 1090 Alcaldos,
797 1052 992 1091 Consiliarios,
1008 1051 1170 1089 officiales,
1188 1053 1222 1083 δε

161 1097 316 1136 Magistros
331 1095 459 1126 Navium
474 1093 506 1122 &
523 1090 678 1129 vasorum,
696 1101 748 1128 pro
765 1091 842 1121 diei-a.
856 1090 931 1121 Pace
949 1090 1119 1121 observanda
1133 1091 1223 1128 jurare

161 1136 350 1175 compellere,
368 1134 400 1164 ὃς
417 1130 532 1170 quilibet
546 1129 686 1166 Magister
694 1129 827 1167 compelli
844 1129 927 1159 debet
943 1130 1106 1168 promittere
1118 1137 1147 1159 ut
1162 1128 1225 1159 Mi-

162 1176 241 1207 nistri
254 1176 286 1205 &
302 1172 425 1210 Subjeeti
438 1169 476 1199 sui
492 1168 525 1198 ad
540 1168 657 1198 eandem
673 1167 779 1198 Pacem
800 1166 1020 1207 observandam,
1038 1177 1107 1199 cum
1130 1168 1224 1198 omni-

162 1216 213 1245 bus
225 1213 274 1244 suis
288 1210 448 1247 Connexis,
466 1206 646 1246 corporaliter
659 1207 747 1244 jurent
758 1215 791 1236 ex
805 1205 867 1245 post
875 1205 961 1237 facto.

201 1291 278 1330 Qae
290 1289 387 1320 omnia
403 1287 435 1318 &
451 1284 555 1322 singula

164 1330 197 1361 δε
212 1329 329 1368 quilibet
344 1326 483 1363 ipsorum,
500 1333 549 1361 per
599 1362 603 1366 -
701 1361 705 1366 ¹
721 1362 725 1366 ι

166 1369 237 1406 suis,
255 1366 438 1405 promiserunt
458 1363 491 1394 &
514 1360 637 1400 promisit
660 1361 775 1399 quilibet
800 1361 968 1392 eorumdem
984 1371 1075 1392 tenere
1087 1362 1118 1392 δε
1134 1361 1228 1391 obser-

162 1417 243 1444 vare,
262 1415 295 1436 ac
310 1405 400 1435 facere
413 1401 498 1432 teneri
514 1401 547 1430 &
560 1399 715 1437 observari,
732 1399 837 1429 dustam
854 1398 961 1430 Pacem
977 1400 1010 1431 δε
1020 1400 1226 1437 Concordiam,

165 1455 217 1485 pro
231 1445 325 1474 futuris
337 1440 510 1479 temporibus
525 1439 734 1475 imperpetuum
748 1437 913 1468 duraturam.

202 1481 376 1517 Obba-‘irunt
388 1481 472 1509 etiam
508 1477 541 1507 Sc
558 1476 674 1514 quilibet
687 1485 785 1506 eorum
800 1476 949 1515 obligavit,
969 1485 1022 1513 pro
1037 1477 1073 1508 sic
1085 1477 1227 1514 faciendo,

163 1523 260 1553 omnia
275 1512 370 1556 Bona,
389 1501 514 1548 Mobiiia
531 1516 564 1545 ὃς
584 1513 762 1551 Iinmobilia,
781 1513 927 1546 Praesentia
947 1515 980 1545 &
997 1515 1118 1554 Futura,
1136 1515 1229 1546 dieta-

165 1571 228 1592 rum
244 1558 389 1594 Civitatis,
407 1554 565 1590 Villarum,
584 1553 617 1583 &
635 1552 790 1583 Locorum.

203 1598 255 1635 Et,
271 1595 305 1627 ad
318 1596 455 1633 majorem
470 1592 651 1622 Securitatem
666 1590 743 1628 super
758 1590 905 1628 praemiffis
918 1593 1049 1623 omnibus
1063 1592 1097 1623 ὃς
1119 1592 1230 1629 singulis

166 1635 348 1670 faciendum,
363 1632 433 1663 diCti
456 1630 670 1666 Procuratores,
687 1631 720 1659 &
741 1630 856 1667 quilibet
878 1629 1021 1669 ipsorum,
1041 1641 1090 1668 per
1113 1631 1228 1662 eosdem

165 1673 352 1707 Sacrosanetis
366 1669 536 1706 Ewangeliis
559 1668 703 1706 inspeetis,
722 1667 817 1698 Cruce
832 1668 916 1698 etiam
931 1677 978 1707 per
1000 1669 1114 1700 eosdem
1136 1669 1229 1700 Manu

166 1712 279 1753 propria
300 1709 392 1748 taCta,
409 1706 565 1745 Corporale
584 1705 782 1744 praestiterunt,
800 1707 858 1738 tam
879 1707 909 1737 in
923 1708 1080 1739 Animabus
1092 1709 1230 1748 propriis,

168 1752 254 1792 quam
269 1748 511 1781 Conffituentium
519 1768 529 1784 ,
543 1745 760 1783 Juramentum3

208 1790 297 1828 Super
308 1788 407 1827 quibus
420 1785 552 1815 omnibus
566 1784 599 1814 δε
613 1784 652 1813 siii
677 1783 741 1821 uliS,
760 1782 882 1821 superius
894 1784 1067 1823 expressatis,
1084 1785 1234 1824 concertis,

172 1829 270 1866 faffls,
296 1827 330 1859 &
359 1825 477 1862 habitis,
509 1822 634 1860 praediCti
685 1831 874 1861 rocuramres,
896 1823 929 1853 &
952 1824 1067 1862 quilibet
1091 1824 1234 1863 ipsorum,

170 1878 224 1899 nos
251 1866 388 1897 Notarios
413 1860 600 1898 infrascriptos
633 1860 827 1899 requisierunt,
861 1860 940 1900 quod
965 1870 1008 1892 tot
1034 1863 1067 1893 &
1091 1872 1163 1894 tanta
1187 1863 1236 1893 In-

177 1907 348 1941 strumenta,
378 1901 457 1941 super
481 1900 615 1930 omnibus
639 1899 672 1929 &
695 1899 807 1936 singulis
831 1899 952 1937 superius
981 1899 1138 1940 declaratis,
1169 1910 1238 1939 quot

175 1945 221 1975 vel
243 1953 305 1984 quae
321 1943 350 1972 in
368 1940 422 1972 hiis
439 1937 554 1970 Casibus
575 1936 725 1970 necessaria
750 1937 851 1969 fuerint
868 1938 913 1970 vel
930 1946 1087 1980 oportuna,
1113 1942 1237 1972 confice-

176 1993 277 2015 remus.

596 1282 716 1321 superius
736 1281 902 1321 expressata,
920 1283 989 1315 dieii
1008 1284 1224 1321 Procuratores,

562 1307 730 1352 Potestatem
752 1322 802 1352 sibi
825 1323 1000 1361 attributam,
1018 1321 1067 1353 sub
1085 1323 1227 1353 Mandatis

217 2061 244 2092 A
253 2069 298 2091 ετ
307 2069 326 2091 Α
339 2060 449 2090 fuerunt
464 2058 527 2088 haec
542 2057 572 2086 in
587 2054 713 2086 Ecclesia
727 2054 824 2086 Fontis
838 2055 959 2093 Reindi,
976 2055 1022 2086 die
1037 2055 1136 2087 Martis
1152 2057 1239 2088 Vice-

181 2100 252 2131 firna
264 2098 359 2129 Nona
372 2097 478 2126 Mensis
490 2093 691 2132 O&obri5,sub
703 2094 791 2124 Anno
799 2093 919 2125 Domini
934 2094 1090 2126 Millesimo
1097 2095 1239 2126 Trescen-

179 2138 278 2168 tesimo
300 2135 547 2174 Qiinquagesimo
575 2132 692 2176 Tertio,
718 2131 794 2162 Αἱῐὲ.
815 2135 885 2164 vero
913 2132 1063 2165 Annorum
1086 2133 1239 2166 Millesima

178 2175 403 2208 Trescentelima
416 2174 451 2204 N
452 2171 618 2210 onagesima
632 2170 748 2209 Prima,

252 2251 450 2289 Praesentibus,
467 2247 678 2280 venerabilibus
696 2247 730 2278 &
747 2246 882 2278 Discretis
902 2248 994 2288 Viris,
1011 2249 1166 2289 Dominis,

180 2333 319 2362 Dominico
339 2329 370 2358 de
389 2327 418 2358 la
436 2324 545 2366 Mesbny
563 2324 681 2368 officiali
698 2325 807 2363 Majore
826 2325 895 2354 Loci
912 2327 1009 2356 Sancti
1025 2326 1187 2368 Sebastiani,

177 2375 280 2400 Semero
296 2369 328 2398 de
342 2366 434 2435 Robstye
453 2364 595 2405 Ca'pellano
615 2367 726 2402 Masore
744 2363 775 2393 de
792 2366 877 2393 Fonte
894 2365 1011 2405 Remea,

178 2412 313 2447 Domyago
330 2408 358 2435 T
385 2405 456 2443 and,

179 2445 310 2485 Johanne
327 2419 365 2475 ag
377 2446 491 2483 Neam,
516 2440 658 2481 Capellam
676 2441 771 2472 Sanan·
786 2439 953 2480 Sebastiam,

175 2488 258 2515 Petro
275 2484 306 2513 de
324 2487 477 2522 Loneyres,

179 2522 311 2554 Arnaldo
329 2523 360 2552 de
379 2525 482 2561 Sayne,

208 2560 312 2591 ohanne
327 2561 358 2591 de
375 2562 477 2597 Viane,
493 2556 638 2596 Capellano
655 2557 687 2587 de
704 2559 788 2587 Fonte
806 2557 923 2595 Reindi,

206 2599 310 2629 ohanne
329 2600 362 2629 de
379 2598 533 2635 Gardagir,

180 2637 314 2678 Magistro
330 2636 465 2676 Scolastico
479 2634 602 2675 Ecclefiae
621 2633 757 2674 Obetenfis
766 2657 776 2674 ,

180 2675 316 2716 Magistro
335 2674 455 2706 Monald
470 2674 501 2703 de
519 2676 596 2703 Kare
610 2684 651 2711 ce,
671 2672 770 2703 clerico
787 2677 918 2712 Baionae,

181 2717 223 2747 Et
238 2718 287 2744 Me
308 2713 432 2744 Arnaldo
445 2712 557 2751 Gillemy
590 2723 607 2741 u
621 2715 747 2749 seignur,
767 2715 904 2752 Notario,
923 2712 1089 2742 aud't’oritate
1111 2716 1241 2752 Imperia-

216 2753 250 2783 lis
264 2756 396 2783 Civitatis
410 2755 539 2790 Baionae,
554 2750 677 2788 Publica,

220 2830 281 2869 Qui
300 2828 408 2860 insimul
430 2828 547 2866 praesens
562 2827 601 2858 fui
620 2838 687 2858 cum
710 2826 855 2864 Magistro
872 2827 958 2859 Petro
978 2829 1063 2859 Vitali
1079 2829 1115 2860 de
1128 2830 1244 2860 Veness.

182 2869 307 2900 Notario
321 2867 445 2898 Publico
453 2866 551 2905 Jurato
564 2866 648 2897 Villae
663 2867 757 2896 Fontis
770 2866 894 2905 Reindi,
911 2877 944 2897 ac
960 2867 1018 2897 aliis
1032 2867 1185 2906 Testibus,
1201 2868 1243 2899 su—

182 2907 276 2946 peritis
289 2906 444 2943 descriptis,
464 2904 499 2935 ad
512 2905 576 2934 haec
590 2904 741 2941 specialiter
760 2906 868 2935 vocatis
882 2905 914 2936 ὃ(
929 2907 1048 2944 rogatis,
1067 2907 1100 2936 &
1125 2908 1243 2944 praesen-

182 2955 240 2977 tem
259 2944 374 2975 Cartam
389 2945 418 2973 in
429 2943 533 2974 Tribus
546 2942 654 2980 Peciis,
674 2942 710 2972 de
726 2941 905 2978 Pergameno
918 2943 1042 2987 signatis,
1063 2945 1155 2982 Signo
1174 2956 1243 2976 meo

183 2983 341 3022 Imperiali‚
358 2983 387 3012 in
405 2981 527 3020 qualibet
540 2980 679 3018 Jundiuui.
692 2980 763 3011 dieti
782 2980 967 3019 Pergameni,
991 2982 1098 3020 scripsi,
1117 2984 1149 3014 δε
1168 2983 1244 3014 idem

182 3022 305 3060 Signum
315 3044 325 3061 ,
342 3031 399 3060 quo
412 3029 489 3057 utor,
504 3018 631 3060 praesenti
644 3019 821 3050 Austoritate
834 3019 976 3057 Imperiali
990 3021 1133 3058 praedieiae
1148 3021 1244 3053 Cartae

183 3060 316 3100 apposui,
337 3059 371 3090 ad
399 3059 510 3089 ma'oris
528 3059 638 3088 roboris
663 3057 835 3088 Firmitatem
877 3057 912 3088 ad
931 3058 1136 3095 Requifitiones
1153 3061 1245 3098 perso-

183 3100 257 3168 nale‘s
276 3098 419 3129 dierorum
442 3069 662 3127 Procuratorum
688 3095 817 3127 Civitatis
840 3081 955 3127 Paionae
979 3095 1013 3128 &
1034 3097 1107 3128 Loci
1131 3098 1168 3129 de
1193 3099 1245 3130 Be-

183 3148 230 3180 ryc
259 3160 269 3176 ,

188 3218 230 3246 Et
249 3217 298 3244 Me
316 3216 396 3244 Petro
413 3212 498 3244 Wtali
513 3213 545 3243 de
564 3212 654 3252 Venefi
668 3213 787 3242 Notario
804 3212 912 3243 Publica
924 3213 1053 3252 praedidlo
1067 3216 1135 3244 Loci
1147 3214 1248 3253 praedi-

224 3254 262 3283 eli
281 3256 374 3282 Fontis
388 3253 487 3283 Reindi
494 3274 504 3291 ,

229 3330 291 3368 Qii
308 3328 431 3366 insimul,
448 3338 517 3359 cum
536 3328 742 3366 praenominato
760 3327 904 3365 Magistro
922 3328 1048 3359 Arnaldo
1074 3327 1249 3368 Guillielmi,

191 3366 317 3398 Notario
332 3367 471 3405 Publico,
488 3367 517 3396 in
530 3367 664 3396 omnibus
676 3366 709 3397 &
719 3366 830 3403 singulis
837 3366 931 3397 Causis
944 3367 1092 3405 praedietis,
1112 3374 1165 3398 una
1180 3378 1249 3399 curn

192 3407 399 3444 praenominatis
414 3404 566 3442 Testibus,
584 3403 700 3441 praesens
714 3405 843 3443 interfui,
862 3405 894 3435 &
907 3427 916 3442 ‚
933 3406 968 3435 ad
985 3405 1191 3443 requisitionem
1207 3406 1251 3437 di-

193 3443 305 3474 erorum
319 3443 538 3474 Procuratorum
548 3465 557 3481 ,
575 3442 705 3472 Civitatis
719 3442 833 3472 Baionae
845 3444 878 3474 ὃς
893 3443 969 3473 Loci
986 3443 1021 3473 de
1036 3443 1143 3482 Berych
1153 3469 1162 3482 ,
1180 3455 1252 3483 prae-

191 3480 258 3511 senti
273 3481 394 3511 Publico
408 3482 596 3513 instrumento
612 3480 735 3517 Signum
754 3490 851 3510 meum
863 3482 985 3518 apposui.

232 3518 268 3555 Et
282 3529 350 3557 nos,
368 3519 464 3557 Major
477 3521 510 3551 &
521 3519 609 3559 Jurati
624 3518 754 3549 Civitatis
775 3517 904 3556 Baionae,
921 3521 949 3549 in
968 3518 1162 3550 testimonium
1180 3522 1254 3552 veri-

193 3558 271 3595 tatis,
287 3567 355 3587 cum
380 3557 504 3594 prcesenti
525 3556 670 3595 Scripturfi.
712 3556 810 3594 Copia
831 3556 902 3587 illius
924 3557 1020 3595 Pacis,
1043 3558 1176 3595 Sigillum
1198 3570 1254 3589 no-

192 3596 280 3627 strum
295 3594 428 3632 Majoriae
442 3594 553 3626 Baionae
569 3597 597 3625 in
612 3605 666 3636 pen
686 3596 745 3626 enti
757 3595 889 3626 duximus
903 3595 1116 3634 apponendum.

229 3671 299 3702 Nos
314 3679 408 3702 autem
422 3670 530 3700 Pacem
542 3671 576 3701 &
590 3670 786 3703 Concordiam
800 3672 964 3711 praediCtaS,
982 3673 1015 3704 &
1037 3674 1134 3703 omnia
1151 3675 1185 3706 &
1203 3675 1258 3705 sin-

193 3710 255 3750 gula
288 3711 316 3740 in
340 3711 378 3740 eis
399 3715 547 3751 contenta,
575 3719 658 3746 prout
682 3710 802 3748 superius
828 3712 1036 3749 exprimuntur,
1062 3720 1199 3749 quantum
1222 3713 1257 3743 ad

194 3759 246 3779 nos
262 3749 375 3785 attinet,
414 3757 445 3777 ro
462 3745 561 3776 Nobis
573 3748 606 3777 &
626 3747 796 3778 Haeredibus
814 3749 912 3779 nostris
933 3749 1137 3788 AcceptamuS,
1157 3750 1258 3781 Ratifi-

193 3797 305 3823 carnus,
325 3787 358 3817 &
411 3784 609 3827 onfirmamu33
626 3786 663 3815 ita
682 3794 777 3817 tamen
801 3787 896 3825 quod,
915 3787 934 3817 si
957 3786 1067 3818 Guerra
1085 3789 1156 3819 inter
1170 3797 1256 3826 partes

193 3825 340 3862 praedid‘cas
359 3823 447 3862 (quod
463 3822 546 3890 absi?³
558 3822 746 3860 imposterum
768 3825 925 3864 suscitetur,
944 3833 1011 3855 tunc
1034 3826 1120 3856 iidem
1144 3827 1257 3865 Major,

193 3862 324 3894 Centum
346 3862 444 3900 PareS,
462 3862 494 3895 δε
547 3861 712 3891 omunitates
726 3861 802 3892 Parti
822 3863 922 3893 nostrae
942 3863 1077 3901 affistarit,
1097 3864 1129 3894 &
1144 3865 1211 3895 Nos
1226 3866 1259 3897 ὃς

194 3900 325 3932 Subditos
337 3899 446 3932 nostros
458 3907 555 3930 contra
568 3899 659 3929 diuos
673 3898 817 3930 Homines
828 3900 864 3931 de
877 3901 968 3932 Terra
990 3901 1137 3932 Maritima
1158 3903 1262 3941 praedi-

201 3937 266 3975 ἀεὶ,
283 3939 320 3969 sic
336 3947 436 3969 contra
449 3938 518 3969 Nos
530 3937 565 3967 de
577 3936 689 3968 Guerra
703 3936 862 3980 existentes,
874 3940 970 3977 juvare
985 3948 1125 3971 teneantur
1136 3964 1146 3979 ,
1160 3942 1262 3979 praedi-

200 3975 248 4015 &a
261 3975 335 4007 Pace
351 3977 383 4007 &
399 3975 567 4007 Concordia
581 3985 641 4005 non
655 3975 835 4006 obstantibus.

242 4013 276 4043 ln
292 4015 368 4052 cujus
391 4017 429 4045 rei
449 4014 664 4044 Testimonium
684 4014 731 4044 has
754 4013 859 4045 Litetas
879 4013 939 4044 fieri
958 4014 1079 4048 fecimus
1093 4016 1217 4048 Patentes
1232 4019 1262 4048 in

202 4051 310 4085 Palatio
325 4051 425 4084 nostro
438 4052 564 4084 Westm.
575 4062 654 4085 nono
666 4052 712 4084 die
723 4051 799 4092 Julii.

744 4091 798 4122 Per
811 4089 892 4131 ipfimz
904 4093 1001 4131 Regem
1018 4090 1056 4129 ὠ
1073 4091 1225 4124 Concilium.

231 4131 306 4164 Toni.
325 4130 384 4161 ΠΙ,
401 4130 435 4159 Ρ.
455 4131 481 4160 Ι.

2272 222 2326 259 91

2336 291 2415 325 Ann.
2429 293 2473 325 D.

2362 341 2445 372 1353·

1252 394 1274 415 '⁴‘
1300 395 1347 427 De
1369 396 1482 427 Litoris
1496 395 1586 441 fitper
1619 396 1745 439 Diario,
1790 393 1970 428 Marchiom'
1992 395 2028 429 de
2051 395 2162 443 Julcrs
2181 394 2319 444 comesto,
2336 371 2472 445 {51732

1622 446 1695 490 Regi
1719 440 1914 486 restituendis.

1329 534 1417 566 Toiiz
1431 544 1520 574 ceuz,
1538 535 1566 574 qi
1582 535 1670 567 cestes
1685 536 1792 567 Lem-es
1807 545 1919 568 verront
1931 547 1970 568 ou
1992 546 2106 575 orront,
2124 538 2208 569 Nous
2232 537 2317 570 Guil-
2338 528 2415 560 ᾹΠΠ·
2429 528 2471 560 D·

1331 574 1415 612 liam,
1435 583 1484 611 par
1500 574 1523 604 la
1540 584 1625 611 grace
1640 574 1675 604 de
1692 574 1768 606 Dieu
1777 599 1787 614 ,
1809 575 1925 616 Markys
1939 577 1973 606 de
1983 575 2072 614 Julers
2095 578 2128 607 ὃ(
2150 577 2264 608 Counte
2285 578 2321 608 de
2370 576 2455 606 1353.

1257 612 1466 651 cantebrigge,
1485 612 1568 643 Saluz
1583 623 1618 643 eii
1631 612 1716 642 Dieu.
2339 609 2392 634 An.
2408 615 2454 642 27·

1294 650 1404 681 Sachez.
1422 660 1475 689 que
2340 648 2370 672 Ε·
2388 653 2413 681 3·

1292 689 1390 719 Come
1402 699 1438 719 en
1489 699 1508 718 n
1522 688 1695 726 Endenture,
1713 688 1777 719 faite
1790 697 1923 727 parentre,
1941 690 2034 721 nostre
2048 691 2189 722 Trescher
2202 690 2322 728 Seignur
2341 687 2416 712 Fran.
2426 691 2473 717 ²⁷·

1256 727 1290 756 ὃς
1314 727 1409 765 Frere,
1428 726 1572 757 Monfieur
1593 726 1712 758 Edward
1732 726 1789 756 Roi
1814 727 2005 765 d’Engleterre
2027 730 2059 761 ὅς
2080 729 2114 760 de
2142 730 2268 768 France,
2287 730 2320 760 &
2338 724 2368 749 E.
2393 730 2420 758 3·
2435 729 2474 749 m·

1258 765 1364 803 Nous,
1381 765 1432 795 soit
1455 774 1578 796 contenti
1601 775 1654 805 que
1678 764 1764 795 Nous
1783 765 1823 794 lui
1842 776 1927 796 avons
1942 767 2070 799 Restituz
2084 778 2140 798 une
2155 769 2248 798 Lettre
2269 767 2324 799 Pa-
2342 768 2366 788 ¹·

1258 811 1350 841 terite,
1371 813 1418 841 par
1433 803 1512 842 quele
1528 804 1547 833 il
1563 814 1634 834 nous
1648 805 1724 834 avoit
1738 802 1876 842 Grauiite,
1897 815 1949 842 que
1962 813 2030 836 totes
2044 807 2081 836 les
2094 806 2168 846 Fois,
2185 816 2240 847 que
2253 816 2324 837 nous

1258 842 1375 871 irroions
1387 851 1496 872 aucune
1509 850 1568 878 part
1577 864 1586 879 ,
1606 852 1641 871 en
1657 841 1695 871 ses
1707 841 1873 880 BusoigneS,
1891 853 1943 880 que
1956 854 2027 875 nous
2037 844 2182 875 devieroris
2198 844 2318 886 prendre

1259 879 1294 909 de
1308 879 1346 909 lui
1358 881 1490 910 certe-ines
1505 879 1601 916 Gages
1616 880 1641 910 le
1651 881 1735 918 jour,

1295 917 1398 956 Nous,
1418 928 1463 955 par
1482 917 1560 959 cause
1578 928 1632 955 que
1647 928 1716 948 nous
1735 928 1772 948 ne
1788 928 1877 949 avons
1894 928 1958 959 mye
1977 919 2000 950 la
2018 920 2075 951 dite
2096 920 2188 951 Lettre
2216 921 2325 961 preste,

1256 965 1293 985 en
1308 956 1428 993 present,
1445 956 1481 986 de
1499 957 1566 986 taire
1577 965 1624 987 eut
1640 955 1838 996 Restitucion,
1855 957 1948 988 selonc
1966 958 1990 988 le
2003 969 2120 997 purport
2136 959 2171 990 de
2187 959 2320 991 l'Eiiden-

1261 1002 1321 1024 ture
1334 994 1489 1033 avantdite,

1298 1032 1343 1063 En
1364 1033 1443 1071 quele
1466 1033 1562 1065 Lettte
1584 1031 1624 1064 est
1645 1042 1788 1071 contenu,
1806 1044 1861 1074 que
1882 1044 1955 1064 nous
1975 1035 2101 1072 prendres
2116 1035 2175 1065 Oet
2189 1035 2285 1066 Livres
2299 1036 2326 1067 le

1259 1070 1345 1110 Jour,
1360 1080 1430 1102 totes
1449 1072 1487 1102 les
1511 1073 1594 1103 Foitz
1616 1082 1670 1109 que
1686 1082 1755 1102 nous
1774 1073 1905 1103 serroiens
1916 1076 2051 1112 envoiez,
2070 1083 2178 1105 aucune
2193 1084 2272 1113 part,
2289 1085 2326 1105 en

1263 1110 1379 1141 Service
1393 1109 1486 1142 nostre
1501 1110 1542 1141 dit
1557 1111 1677 1147 Seignur
1694 1110 1720 1140 le
1735 1110 1793 1140 Roi
1805 1133 1814 1148 ,

1299 1148 1329 1178 Si
1350 1158 1485 1186 grantons
1505 1150 1539 1180 &
1562 1157 1732 1188 promettons
1750 1148 1892 1178 loialment
1909 1158 1961 1186 que
1977 1160 2045 1179 nous
2060 1149 2211 1180 mandrons
2231 1150 2255 1180 la
2270 1150 2327 1182 dite

1264 1186 1362 1217 Lettre
1375 1188 1506 1226 Parente,
1523 1196 1600 1218 entre
1613 1197 1648 1227 cy
1662 1187 1695 1217 ὃς
1710 1187 1734 1218 la
1752 1187 1829 1217 Feste
1844 1186 1880 1216 de
1892 1186 1917 1217 la
1933 1187 1967 1216 N
1970 1189 2062 1218 ativite
2075 1189 2110 1219 de
2132 1189 2224 1219 Seinte
2236 1189 2330 1227 johan

1266 1225 1389 1263 Baptiste
1404 1226 1548 1263 preschein
1563 1237 1577 1256 a
1591 1227 1683 1263 venir,
1701 1236 1715 1256 a
1739 1225 1831 1255 nostre
1846 1225 1885 1255 dit
1908 1226 2028 1262 Seignur
2049 1227 2075 1256 le
2099 1227 2177 1266 Roi,
2194 1238 2232 1258 ou
2250 1239 2266 1258 a
2280 1227 2330 1258 son

1267 1264 1422 1302 Tresorer,
1449 1274 1483 1295 en
1509 1264 1699 1302 Eiigleterre3
1724 1264 1842 1301 sauvez,
1862 1272 1931 1294 totes
1956 1264 2052 1303 Foitz,
2076 1276 2092 1296 a
2114 1276 2183 1296 nous
2202 1267 2330 1297 meismes

1265 1302 1416 1371 lselssdCages
1435 1303 1470 1333 de
1488 1303 1549 1334 Oet
1567 1302 1665 1333 Livres
1682 1303 1708 1332 le
1721 1302 1808 1342 Jour,
1826 1302 1921 1333 i'elonc
1937 1302 1962 1333 la
1978 1302 2081 1334 Forme
2099 1303 2134 1334 de
2151 1303 2330 1336 tendentum

1326 1349 1372 1372 ite.
2165 1347 2176 1360 ⁸

1303 1379 1348 1410 En
1364 1380 1574 1417 tesmoignance
1590 1380 1626 1410 de
1640 1379 1719 1419 quele
1736 1379 1819 1410 chose
1834 1389 1861 1410 as
1876 1378 1962 1410 cest&
1978 1380 2113 1418 presentes
2127 1380 2233 1412 Lettres
2248 1391 2335 1412 avons

1266 1418 1315 1448 fait
1332 1427 1431 1449 mettre
1446 1418 1538 1448 nostre
1554 1419 1621 1449 Seal.

1268 1456 1473 1525 ccgoffila
1494 1457 1619 1488 Westm.
1636 1456 1662 1487 le
1680 1466 1733 1487 xxx
1748 1457 1813 1495 jour
1830 1456 1999 1496 d’Odtoer
2017 1457 2084 1488 l'An
2102 1457 2138 1489 de
2146 1457 2243 1489 Grace
2253 1457 2332 1489 Mill.

1288 1638 1337 1670 De
1358 1635 1524 1672 Trasiando
1540 1636 1631 1683 fhper
1655 1639 1732 1670 Pace
1755 1639 1791 1675 ὠ
1816 1639 1942 1684 Trengis
1963 1649 2033 1671 cum
2056 1638 2248 1684 Adverfitrio
2272 1638 2309 1673 de

1732 1688 1876 1720 Francia.

1270 1779 1389 1836 REX
1405 1780 1566 1820 Universis,
1584 1781 1731 1820 praesentes
1748 1780 1853 1812 Litetas
1870 1781 2040 1821 inspeeiuris,
2058 1782 2093 1813 ad
2112 1791 2192 1824 quos,
2207 1784 2268 1815 δῖε.
2287 1783 2336 1815 Sa·
2357 1775 2434 1807 Asm-
2448 1773 2490 1805 Dss

1344 1819 1440 1849 lutem.

1310 1858 1428 1889 Notum
1443 1858 1560 1889 facimus
1579 1858 1659 1897 quod
1679 1859 1764 1897 Nos,
2360 1823 2474 1888 ,ἱέςὲγῖ

1312 1897 1360 1928 De
1375 1895 1503 1928 fidelitate
1517 1898 1550 1928 ὃς
1565 1898 1836 1936 εἰῑευῐηῴεξὶιοηε,
2360 1896 2454 1958 {mic

1274 1974 1488 2006 Venerabilium
1507 1974 1643 2013 Parrum,
2362 1971 2449 2035 ἵηγΗΕὶ
2467 1976 2492 2005 3.

1276 2015 1387 2043 Simonis
1404 2013 1574 2052 Arcloiepisco
1591 2016 1600 2042 i
1614 2014 1835 2054 Cantuarienfis,
1855 2017 1939 2043 totius
1955 2013 2067 2052 Angliae
2083 2016 2233 2054 Primatis,

1275 2054 1318 2121 {t
1335 2051 1488 2091 Wzlljelmi,
1506 2023 1625 2091 Ερίβορί
1643 2053 1841 2092 Norwicenfis,

1294 2100 1322 2121 ‚c
1332 2112 1341 2128 ,

1278 2128 1459 2160 Dilectorum
1471 2130 1505 2161 ὅ(
1519 2129 1644 2160 fidelium
1661 2129 1841 2168 nostrorum,

1279 2170 1393 2197 Henrici
1405 2171 1489 2197 Ducis
1506 2167 1676 2208 Lancastriae

1278 2205 1408 2236 Richardi
1426 2210 1536 2236 Comitis
1554 2191 1736 2245 Arundefiae,

1283 2244 1396 2275 Consan
1421 2246 1569 2276 uineorum
1588 2245 1745 2276 nostrorum
1765 2244 1992 2283 carissimorum,

1283 2283 1391 2313 Bartho
1402 2287 1476 2313 omaei
1495 2284 1528 2313 de
1546 2282 1712 2322 burgherst),
1732 2287 1883 2313 Camerarii
1902 2283 2000 2322 nostri,
2025 2295 2057 2313 ac
2073 2281 2272 2323 constabularii
2289 2288 2345 2316 Ca·-

1310 2320 1365 2362 stri
1383 2322 1465 2362 nostri
1483 2325 1645 2361 Dovorrfoe,
1664 2321 1701 2357 &¹
1719 2321 1836 2362 Custodis
1854 2321 1985 2362 Qinque
2003 2324 2133 2351 Portuum
2151 2322 2309 2363 nostrorum,

1280 2360 1408 2390 Guidonis
1423 2362 1454 2390 de
1473 2363 1563 2391 Briau
1580 2365 1694 2392 Domini
1710 2361 1742 2390 de
1759 2359 1905 2397 Lagherne
1915 2383 1925 2398 ,

1280 2401 1322 2428 Et
1341 2398 1471 2439 Magistri
1496 2400 1639 2430 Michaelis
1669 2400 1701 2429 de
1725 2398 1923 2437 Northburgh,
1948 2401 2051 2435 Legum
2069 2401 2210 2438 Doffloris,
2227 2399 2347 2431 Eliorum

1320 2436 1359 2473 &⁶
1384 2438 1587 2470 Londom'arum
1617 2436 1796 2478 Ecclqfiarum
1821 2440 1947 2467 Canonzci
1963 2460 1973 2476 ,
1993 2437 2111 2477 Custodis
2129 2441 2246 2469 Privati
2264 2439 2349 2477 Sigilli

1318 2475 1402 2517 nostri
1410 2500 1420 2516 ,

1316 2554 1445 2587 Plenarie
1458 2555 1628 2587 confidentes
1637 2578 1647 2593 ,

1318 2593 1395 2632 Ipsos
1440 2603 1570 2632 tanquam
1592 2592 1732 2624 Conscios
1752 2591 1859 2622 Mentis
1876 2592 1995 2631 nostrae,
2020 2593 2097 2631 super
2121 2593 2210 2624 Facio
2229 2593 2347 2625 Guerrae

1280 2634 1351 2663 inter
1376 2617 1443 2663 N⁷os
1469 2634 1503 2663 &
1530 2632 1724 2664 Adversarium
1751 2631 1880 2661 nostrum
1904 2632 2046 2669 Franciae,
2074 2632 2348 2670 Reformationeque

1280 2671 1360 2701 Pacis
1377 2672 1453 2709 super
1472 2672 1545 2709 hoc,
1571 2671 1603 2701 ὃς
1620 2671 1656 2700 de
1679 2669 1839 2700 [mentione
1856 2669 1953 2700 nostra⁴
1969 2671 2075 2708 plenius
2093 2671 2266 2710 informatos,
2284 2675 2346 2707 &a

1277 2717 1357 2778 {tirout
1367 2709 1453 2748 Jitpra
1471 2710 1502 2740 de
1521 2713 1592 2740 Dat.
1612 2718 1650 2747 27
1666 2707 1732 2747 Jul.
1757 2712 1799 2738 A.
1825 2717 1873 2747 25.
1899 2712 2016 2739 mutatis
2040 2716 2213 2749 competenter
2238 2717 2349 2741 mutan-

1299 2759 1329 2777 15.

1317 2786 1353 2817 In
1371 2787 1463 2825 cujus,
1481 2787 1542 2817 &c.

1352 2824 1422 2857 Dat.
1437 2826 1467 2856 iri
1483 2825 1590 2857 Palatio
1607 2822 1732 2856 Westm.
1749 2823 1825 2855 sexto
1840 2823 1887 2856 die
1905 2825 2098 2857 Novembris.

1344 2968 1402 3003 Ad
1424 2974 1559 3017 Papam,
1577 2969 1669 3016 fitper
1691 2970 1803 3001 Literis
1818 2968 1886 3013 fhis
1907 2967 1952 3001 ad
1971 2971 2080 3010 Pacem
2101 2967 2287 3005 hortatoriis.

1329 3054 1437 3086 APAE
1456 3054 1522 3086 Rex
1550 3055 1612 3086 &c.

1281 3055 1319 3109 P
1359 3079 1630 3124 Saneritatis'vestrae
1647 3093 1752 3123 Litetas
1781 3093 1830 3123 sub
1844 3091 1932 3123 sanciti
1946 3093 2029 3123 vestri
2042 3103 2169 3125 nominis
2184 3097 2261 3125 Bulla
2276 3099 2349 3126 cliiu-
2367 3108 2442 3136 Arm.
2457 3108 2507 3136 D,

1283 3134 1338 3170 sas,
1357 3133 1441 3163 nobis
1454 3142 1519 3170 per,
1535 3132 1730 3163 Venerabilem
1776 3133 1868 3169 irum,
1887 3130 2061 3167 Magistrum
2084 3132 2279 3164 Reimundum
2294 3134 2346 3163 Pe·
2388 3152 2471 3183 ¹353·

1282 3172 1405 3209 tegrini,
1424 3170 1609 3201 Canonicum
1623 3170 1806 3208 Londoniae,
1821 3169 2008 3208 Capelianum
2021 3170 2162 3209 vestrum,
2180 3172 2213 3202 δε
2223 3172 2346 3210 Aposto-
2364 3186 2419 3211 An·
2432 3192 2477 3217 27,

1281 3210 1347 3240 licae
1361 3209 1441 3240 Sedis
1454 3209 1628 3247 Nuncium,
1646 3209 1828 3248 praesentataS,
2364 3225 2394 3247 E.
2417 3229 2444 3257 3·

1322 3248 1376 3279 Per
1391 3259 1456 3286 quas
1470 3247 1578 3279 Pacem
1588 3271 1597 3286 ,
1613 3257 1682 3278 cum
1698 3246 1862 3278 Adversario
1877 3246 1973 3277 nostro
1986 3246 2110 3278 Franciae
2125 3247 2290 3286 ineundam,
2307 3247 2347 3278 sa-
2364 3263 2436 3286 Rom.
2453 3265 2500 3294 27,

1284 3287 1418 3318 lutaribus
1438 3285 1559 3316 Monitis
1571 3285 1661 3316 vestra
1678 3284 1839 3316 Clementia
1862 3285 2004 3324 persuasit,

1324 3325 1496 3355 Reverenter
1510 3326 1543 3355 ὃς
1559 3325 1622 3354 laete
1636 3325 1814 3361 recepimus,
2373 3346 2398 3363 2-

1323 3364 1342 3383 ²*
1362 3363 1400 3394 Et
1414 3373 1462 3401 ea,
1480 3373 1542 3401 quae
1554 3363 1632 3400 super
1647 3363 1703 3392 hoc
1719 3362 1798 3392 idem
1814 3361 2018 3401 Reymundus‚
2038 3370 2072 3392 ex
2087 3370 2161 3399 parte
2173 3361 2280 3400 vestra,
2297 3373 2346 3400 per
2369 3374 2502 3409 '‘V-773*

1287 3401 1468 3433 commissam
1488 3402 1538 3431 fibi
1561 3400 1760 3439 Credentiam,
1778 3401 1926 3439 prudenter
1948 3401 2030 3430 nobis
2052 3399 2204 3438 exposuit,
2229 3403 2349 3432 attendi-

1289 3451 1351 3472 mus
1371 3440 1528 3477 diligenter.

1324 3479 1412 3517 Super
1428 3488 1486 3516 quo
1500 3479 1568 3508 scire
1582 3476 1647 3507 velit
1660 3476 1749 3507 vestra
1763 3476 1930 3514 Benignitas,
1947 3475 2026 3517 quod
2040 3475 2145 3506 Pacem
2161 3476 2268 3508 bonam
2282 3488 2353 3510 cum

1289 3517 1394 3548 eodem
1415 3517 1580 3547 Adversario
1601 3514 1699 3545 nostro
1714 3515 1821 3553 semper
1844 3516 1945 3545 habere
1958 3513 2186 3554 deiideraviiiius,
2205 3516 2238 3546 &
2250 3516 2356 3547 defide-

1291 3566 1381 3586 ramus
1404 3557 1487 3585 etiam
1511 3556 1541 3584 in
1566 3553 1706 3591 praesenti,
1733 3554 1802 3584 ficut
1819 3553 1895 3590 super
1913 3552 1990 3590 hoc,
2015 3561 2048 3581 ex
2074 3553 2203 3589 singulari
2223 3555 2354 3586 bonitatis

1292 3595 1391 3625 vestrae
1408 3593 1529 3632 fiducia,
1546 3593 1629 3623 vobis
1646 3592 1710 3622 alias
1725 3592 1899 3629 aperuimus,
1917 3599 1975 3629 prae
2001 3592 2126 3630 caeteris,
2153 3601 2282 3623 mentem
2301 3604 2356 3624 no-

1295 3633 1390 3663 stram.

1330 3670 1368 3702 Et
1384 3679 1497 3708 propter
1512 3669 1568 3699 hoc
1578 3691 1587 3706 ,
1604 3668 1645 3698 ob
1660 3667 1862 3710 Reverentiam
1879 3665 2018 3704 vestram,
2035 3668 2072 3699 δε
2092 3668 2248 3699 vestrorum
2264 3670 2357 3700 confi-

1292 3709 1437 3739 deratione
1452 3708 1650 3743 Rogaminum
1660 3729 1669 3744 ,
1684 3705 1882 3741 affignawmus
1895 3704 2063 3742 solempnes
2078 3707 2212 3737 Nuncios
2236 3708 2359 3748 nostros,

1291 3747 1423 3778 Praelatos
1439 3747 1472 3777 &
1485 3745 1624 3780 Nobiles,
1644 3745 1677 3774 ad
1694 3743 1869 3773 tractandum
1889 3743 1925 3773 de
1940 3743 2015 3774 Pace
2029 3744 2094 3783 tali,

1334 3787 1397 3825 Qui
1414 3787 1466 3815 'am
1481 3784 1543 3814 sunt
1557 3784 1586 3812 in
1600 3783 1687 3811 Portu
1698 3804 1707 3819 ,
1724 3782 1809 3819 parati
1821 3781 1857 3812 ad
1881 3781 2129 3820 transfretandum,
2146 3793 2197 3820 pro
2219 3783 2356 3817 Tractatu

1295 3821 1380 3855 dietae‘
1429 3823 1485 3853 acis
1505 3830 1575 3852 cum
1597 3820 1630 3849 N
1634 3822 1722 3850 unciis
1742 3819 1861 3850 adversae
1886 3819 1974 3850 Partis
1999 3821 2145 3859 habende,
2165 3822 2234 3853 sicut
2258 3824 2359 3860 praefa-

1295 3871 1338 3893 tus
1354 3862 1486 3893 Nuticius
1505 3858 1602 3890 vestrae
1621 3857 1824 3888 Praeminentix
1843 3858 1947 3889 referre
1966 3860 2065 3896 poterit
2094 3859 2202 3896 plenius
2224 3861 2290 3892 viva
2307 3873 2361 3893 vo-

1299 3911 1345 3932 ce·

1337 3924 1374 3969 ita
1389 3935 1467 3975 quod
1483 3936 1512 3965 in
1526 3944 1602 3973 parte
1617 3934 1711 3966 nostra
1725 3945 1783 3965 non
1803 3936 1972 3975 reperietur,
1992 3945 2042 3972 per
2056 3934 2115 3965 Dei
2139 3938 2274 3976 gratiam,
2292 3938 2359 3968 Dis-

1299 3977 1454 4012 simulatio,
1471 3974 1516 4016 vel
1533 3973 1688 4013 Defeerus,
1706 3973 1784 4012 quod
1798 3974 1833 4004 de
1848 3975 1929 4004 nobis
1945 3975 2041 4004 ientire
2067 3974 2136 4005 velit
2153 3975 2241 4007 vestra
2254 3976 2363 4007 Mode-

1299 4017 1370 4047 ratio
1387 4013 1601 4050 circumipeeta.

1339 4052 1492 4082 Praet‘atuni
1507 4060 1599 4082 autem
1615 4050 1767 4081 Nuncium
1782 4049 1903 4080 vestrum
1919 4051 1977 4080 tam
1991 4050 2041 4081 dii}
2063 4052 2167 4082 morari
2183 4052 2317 4091 fecimus,
2335 4060 2366 4084 ut

1303 4090 1393 4132 pollet
1414 4090 1449 4121 ad
1471 4099 1520 4121 vos
1540 4089 1576 4120 de
1590 4088 1676 4122 dieto
1689 4089 1828 4121 Tractatu
1849 4088 2045 4120 certitudinem
2067 4089 2188 4131 aliquam
2206 4099 2367 4133 reportare3

1785 4125 1824 4157 M
1837 4136 1857 4158 2
2289 4137 2370 4168 cujus

2370 3301 2400 3325 f..
2413 3307 2437 3334 3.
2452 3306 2490 3323 m.
