2561 4251
718 125 828 172 ET
913 128 1176 172 ACTA
1256 118 1723 174 PUBLICA-

2249 152 2264 178 1
2276 155 2294 179 2
2306 143 2321 179 i

5 232 81 266 ,Anu
95 228 137 259 D⁴
158 220 257 252 Petrus
269 217 409 260 praemiisa
421 218 519 262 omnia
532 217 565 248 δε
580 216 683 256 fingula
696 218 860 261 innovavit,
877 215 1072 261 confirmavit,
1088 217 1122 248 &
1138 216 1220 260 Jura7
1297 212 1335 245 Et
1348 214 1404 245 aliis
1418 215 1552 248 Testibus
1566 217 1600 248 ad
1616 219 1763 257 praemissa.
2340 226 2416 260 Anu,
2434 221 2474 263 D:

37 267 120 310 1366,
158 268 260 290 mento
282 261 331 303 suo
349 257 483 299 vallavit,
496 256 655 302 tangendo,
672 265 790 294 proprus
812 256 939 299 manibus
959 255 1027 294 suis,
1046 255 1138 285 saneta
1159 254 1219 299 Dei
1707 290 1710 291 ⁷
1823 290 1824 293 Ἰ
2368 269 2451 309 1366:

8 310 74 338 Ἐάν.
89 317 116 345 3.
160 298 329 336 Evangelia,
349 294 464 339 quando
476 295 531 333 ipse
546 304 659 336 propria
673 304 758 325 manu
771 294 796 325 se
815 293 986 331 subscripsit,
1003 303 1106 333 meque
1128 303 1220 333 requi·
1703 299 1735 325 Yo
1755 295 1796 325 El
1811 299 1874 336 Rey.
2341 306 2411 336 Edv,
2430 317 2457 344 3³

162 338 223 368 fivit
239 338 271 368 ὅ(
286 334 443 371 mandawt,
462 342 494 362 ut
515 333 695 373 praesentibus
715 332 816 364 Literis
832 343 881 363 me
901 332 1102 362 subscriberem
1125 333 1158 363 δε
1181 332 1225 363 Si-

162 384 252 416 gnum
265 383 364 403 meum
377 381 548 409 apponerem
563 372 740 402 consuetum.
1297 362 1336 398 Et
1350 376 1402 407 ego
1414 369 1559 407 Johannes
1573 371 1608 402 de
1623 371 1764 411 London,
1783 371 1843 408 &a
1861 380 1892 403 ut
1902 378 1986 412 prius.

241 442 362 487 Testes,
380 449 430 488 qui
449 449 557 480 fuerant
574 448 714 487 presentes
729 448 763 478 ad
783 448 832 479 ista
847 449 904 479 una
923 457 1058 487 mecum,
1076 448 1138 479 sunt
1269 453 1351 470 δῖ’-Τ
1362 463 1364 468 ν

201 529 337 557 Dominus
351 531 449 557 Frater
467 529 611 556 Martinus
627 528 715 564 Lupi,
1492 510 1644 559 Obligatio
1666 516 1757 562 fitper
1783 509 1921 563 Expenfis
1939 518 2102 564 sblvendis.

198 564 338 605 Magister
352 566 465 596 Militiae
480 563 598 595 Domus
612 565 648 595 de
663 565 829 602 Alcantara,
845 563 963 595 Ordinis
976 564 1183 603 Cistercienfis‚

202 605 319 641 Rogerus
336 608 468 635 Dominus
486 604 519 632 de
533 602 562 632 la
583 606 687 641 Wara,

202 645 339 710 (hv'olljnecius
354 642 441 682 Gaffio
459 641 491 671 de
508 644 608 682 Royos,

255 682 292 712 les

203 704 318 749 Garcm's
332 719 469 749 Fernana'i
483 719 515 749 de
531 719 644 748 leodre
653 742 663 757 ,

206 757 369 788 Vexillarius
385 757 481 796 Major
496 757 620 788 Domini
635 758 747 796 Sancii,
766 757 831 788 Filii
843 757 910 788 dieti
923 757 1048 787 Domini
1057 755 1164 793 Regis,

206 796 348 826 Mathaeus
367 796 520 834 Fernandi,

1265 602 1409 656 PEnus,
1429 603 1485 634 Dei
1506 606 1609 649 gratia,
1628 607 1695 638 Rex
1715 608 1845 640 Castellae
1867 612 1899 642 &
1921 613 2072 651 Legionis,
2090 616 2238 654 omnibus,
2255 626 2328 655 prae-
2345 608 2471 640 Ann.D;

1281 679 1286 683 Π
1322 643 1443 672 lentibus
1462 653 1564 681 pariter
1582 645 1615 675 ὃς
1636 646 1751 686 futuris,
1766 649 1800 678 ad
1815 660 1886 687 quos
1898 657 2042 689 praeientes
2056 653 2175 684 Litterae
2190 664 2325 693 pervene-
2364 649 2447 688 136⁶-

1264 687 1347 726 rint&
1357 680 1498 720 Salutem,
1516 683 1549 712 ὃς
1564 682 1662 727 Fidem
1677 685 1826 722 plenariam
1843 689 2020 726 praesentibus
2034 692 2175 722 adhibere.
2341 690 2393 715 Aa.
2408 698 2456 723 40·

1301 716 1382 748 Cum
1401 729 1489 763 nuper
1509 720 1668 760 Henricus,
1691 726 1835 760 quondam
1856 726 1965 758 Comes
1986 728 2020 758 de
2044 730 2232 770 Tristamara,
2250 732 2324 763 faeta
2342 730 2372 754 E.
2394 735 2418 761 3·

1265 754 1485 801 Coadunatione
1503 769 1578 803 cum⁶
1597 762 1760 798 quibusdam
1775 763 1828 792 suis
1841 763 2057 805 complicibus,
2074 770 2212 808 insurgens
2226 779 2325 802 contra
2343 769 2380 791 Ex
2395 767 2453 792 Aa*

1264 793 1334 823 Nos
1349 817 1358 830 ,
1384 805 1431 825 cui
1449 795 1600 836 Homagio
1623 799 1657 829 &
1675 800 1741 830 Fide
1763 802 1909 833 tenebatur
1930 806 2054 836 astrictus
2071 827 2080 843 ,
2110 808 2210 846 Regna
2231 809 2324 841 nostra
2341 810 2408 839 ²⁰87·

7 1349 82 1380 Ann.
96 1349 138 1380 D.

28 1389 112 1427 1366.

204 833 393 875 Cancellarius
404 835 492 874 Sigilli
507 835 611 865 Secreti
619 858 630 874 ,

199 872 333 912 Magister
351 873 452 902 Paulus
470 873 623 911 Gabrielis,

201 909 286 941 Civis
300 911 455 950 Ispalensis,

201 948 347 987 Johanner
362 953 484 980 Gutterii
492 971 502 988 ,

202 987 338 1019 Decanus
353 988 488 1020 Ecclesiae
504 987 693 1026 Segobienfis,

201 1027 244 1055 Et
263 1027 395 1066 Magister
411 1026 541 1056 Robertus
560 1025 710 1063 Fregandi,

162 1101 179 1132 l·
201 1064 535 1134 INslotariiusffiCancellariae
551 1063 676 1094 Domini
690 1064 747 1095 mei
762 1064 901 1102 Principis
918 1062 1077 1102 Aquitaniae
1093 1062 1127 1093 &
1141 1060 1226 1092 Wal-

172 1112 206 1133 1ae
231 1113 296 1142 upra
318 1113 326 1133 i
370 1125 376 1132 .

448 1251 497 1282 De
519 1243 687 1281 Rebellibm
710 1244 923 1291 compellendis.

160 1340 307 1398 PEtrus,
320 1342 377 1373 Dei
399 1342 507 1380 gratia,
526 1342 596 1386 Rex-
610 1341 740 1373 Castellae
762 1342 794 1372 &
816 1341 963 1384 Legionis,
982 1341 1131 1385 omnibus,
1154 1349 1226 1377 prce-

218 1383 338 1411 1entibus
352 1383 451 1419 pariter
463 1383 496 1412 &
512 1381 626 1420 futuris,
646 1381 680 1411 ad
705 1389 776 1419 quos
798 1384 943 1417 praeientes
963 1380 1067 1409 Literae
1088 1389 1225 1416 pervene-

1262 832 1413 871 praeditffia,
1427 844 1464 877 ⁵ac
1487 835 1588 865 Terras
1601 837 1721 876 nostras,
1740 848 1789 876 per
1805 840 1977 872 Violentiam
1993 844 2025 874 &
2044 854 2112 874 cum
2130 849 2224 877 Armis
2261 858 2328 879 mo-

1264 879 1294 899 re
1308 871 1472 906 praedonico
1484 873 1517 903 ὃς
1532 874 1643 913 hostili,
1663 876 1822 916 intraverit,
2233 871 2242 886 ³

1301 907 1418 953 Ipsaque
1435 910 1536 956 Regna
1551 913 1584 943 δε
1598 913 1703 944 Terras
1718 916 1862 954 invaserit,
1879 917 2062 958 usurpaverit,
2079 922 2113 951 &
2129 927 2311 962 occupaverit

1263 945 1332 977 Nos
1345 950 1408 985 lpiis
1422 948 1530 988 Regnis
1544 952 1577 981 &
1592 951 1688 982 Terris
1703 954 1827 984 indebite
1840 964 1873 985 ac
1889 957 2078 988 inhumaniter
2095 959 2238 999 spoliando
2317 949 2327 964 ²

1300 985 1465 1031 Eademque
1478 988 1580 1033 Regna
1594 991 1627 1020 &
1642 991 1745 1021 Terras
1759 992 1963 1033 detinuerit,ac
1979 996 2101 1035 detinet,
2111 1008 2209 1030 contra
2224 987 2325 1032 D’eum

1263 1025 1297 1056 ὃς
1309 1023 1451 1061 Justitiam
1461 1050 1470 1065 ,
1488 1037 1615 1065 nequiter
1629 1039 1782 1068 occupata,
1993 1061 1995 1063 ,

1299 1062 1353 1102 Et,
1373 1073 1403 1095 ut
1425 1064 1539 1096 Furoris
1558 1067 1596 1096 sui
1617 1067 1740 1098 Rabiem
1761 1069 1945 1110 explectaret,
1961 1072 2029 1103 Nos
2045 1074 2078 1104 ad
2095 1084 2218 1106 mortem
2233 1079 2325 1116 prose-

1260 1110 1343 1140 qutus
1362 1102 1461 1141 fuerit,
1476 1104 1515 1149 de
1538 1104 1644 1144 Regno
1664 1109 1692 1137 in
1715 1106 1867 1146 Regnum,
1886 1120 1935 1147 per
1959 1111 2042 1142 Mare
2064 1113 2097 1143 &
2116 1124 2164 1152 per
2185 1115 2306 1146 Terram

1261 1141 1403 1186 quousque
1425 1152 1612 1187 reciperemur
1628 1146 1656 1174 in
1678 1144 1825 1176 Dominio
1845 1148 1877 1177 &
1900 1148 2081 1189 Principatu,
2106 1152 2220 1184 lilustris
2242 1141 2326 1185 Con³

1261 1180 1402 1226 sanguinei
1415 1181 1662 1226 nostr1,.Domini
1678 1183 1829 1223 Edwardi,
1849 1186 2018 1218 Sereniffimi
2033 1189 2120 1229 Regis
2135 1193 2249 1223 Anvliae
2264 1193 2328 1224 Pri-

1263 1227 1399 1263 mogeniti
1408 1242 1418 1257 ,
1438 1219 1574 1263 Prinmpis
1590 1222 1749 1261 Aquitaniae
1763 1224 1795 1254 &
1810 1224 1940 1262 Walliae,
2185 1216 2202 1231 D

1306 1256 1368 1296 Qii
1385 1281 1398 1303 ,ι
1420 1269 1481 1297 pios
1510 1261 1611 1289 mentis
1633 1261 1687 1291 suae
1716 1260 1827 1292 Oculos
1850 1265 1884 1293 ad
1904 1264 1972 1294 Nos
1993 1266 2136 1305 dirigens,
2162 1269 2195 1299 &
2217 1270 2324 1303 nostrae

1263 1294 1448 1340 Compatiens
1460 1297 1654 1339 Desolationi,
1672 1299 1739 1329 Nos
1755 1301 1892 1340 benigne,
1914 1304 1941 1332 in
1956 1304 1999 1334 sua
2012 1299 2086 1335 dieta
2100 1305 2207 1345 Patria,
2226 1319 2324 1348 recep-

1262 1342 1329 1364 tavit
1353 1336 1385 1365 &
1401 1336 1552 1380 deflendi-t,
1574 1336 1732 1369 Consilium
1748 1341 1828 1369 nobis
1840 1341 1958 1379 praebuit
1975 1343 2004 1372 in
2020 1344 2118 1374 nostris
2135 1349 2245 1382 magnis
2260 1348 2323 1379 Ne*

1261 1372 1446 1417 ceffitatibus,
1465 1385 1498 1406 ac
1519 1375 1629 1420 insuper
1649 1377 1681 1407 ad
1698 1379 1920 1417 recuperandum
1937 1381 2038 1419 Regna
2052 1383 2084 1412 δε
2099 1377 2200 1414 Terras
2216 1386 2325 1418 nostras

1260 1411 1410 1450 praedista,
1427 1422 1524 1444 contra
1543 1415 1652 1445 dictum
1672 1415 1795 1446 Hostem
1817 1417 1963 1457 nostrum,
1982 1421 2126 1451 Auxilium
2139 1425 2276 1456 concessit
2289 1427 2324 1456 ὃς

5 1432 57 1455 Aa.
72 1439 118 1463 40,
162 1421 235 1457 rint,
254 1420 396 1458 Salutem,
416 1420 450 1450 &
463 1420 548 1450 fidem
563 1419 716 1457 plenariam
729 1418 910 1457 praesentibus
925 1418 1068 1463 adhibere3
1108 1458 1112 1462 ι
1532 1453 1539 1461 ,
1672 1455 1676 1459 .
1692 1455 1696 1459 .
1792 1457 1796 1461 .
1814 1457 1818 1461 .

5 1471 34 1494 E.
59 1477 84 1503 3-
201 1458 280 1488 Cum
293 1458 379 1496 NOS⁷
396 1459 431 1489 de
446 1458 542 1489 nostra
556 1457 648 1496 cesta,
667 1456 727 1492 &a
745 1463 776 1486 ut
794 1460 823 1486 in
837 1456 945 1486 charta
960 1459 1141 1493 Donationis,
1160 1463 1224 1484 tum·
1262 1449 1451 1495 Succursum,
1467 1452 1575 1483 nedum
1592 1453 1710 1484 Nobilis
1731 1455 1846 1485 Militiae
1859 1456 2114 1501 suaeflactGentium
2127 1461 2253 1501 suarum,
2276 1464 2324 1496 sed

3 1509 42 1532 Ex
57 1509 116 1533 Au-
153 1498 210 1539 fif:
1258 1497 1288 1517 in
1310 1499 1421 1527 propria
1443 1490 1564 1521 Persona
1586 1493 1647 1532 sua,
1673 1501 1786 1524 memor
1809 1494 1983 1526 Strenuitatis
2004 1501 2073 1536 iuae,
2098 1501 2269 1539 experienti&
2289 1504 2324 1534 &

2 1550 66 1581 30g7.

20 2959 39 2985 ⁴¹²
57 2966 108 2994 vl.

17 3004 81 3040 528.

197 1535 334 1566 Volentes
348 1536 434 1576 ipsam
450 1533 667 1573 Donationem,
685 1542 716 1566 ut
736 1534 931 1575 praemittitur,
949 1533 1120 1564 Executioni
1139 1531 1222 1562 debi-

158 1583 196 1606 tae
209 1574 395 1612 demandare,
412 1584 498 1612 prout
515 1583 664 1611 tenemur,

194 1613 344 1651 Juramus,
361 1613 395 1642 ad
410 1613 511 1643 Saneta
531 1612 588 1642 Dei
604 1610 771 1650 Evangelia,
787 1620 803 1640 a
830 1610 914 1642 nobis
935 1611 1118 1649 corporaliter
1134 1620 1220 1641 manu

157 1652 249 1689 taeta,
266 1651 299 1681 δί
317 1651 346 1680 in
360 1651 451 1681 verbo
465 1651 658 1689 promittimus
679 1650 794 1689 Regio,
811 1647 891 1690 quod
914 1650 983 1680 Nos
1003 1659 1156 1690 ponemuS,
1173 1650 1220 1680 vel

154 1691 224 1729 poni
237 1689 389 1729 faciemus,
410 1689 517 1720 realiter
531 1691 564 1721 δε
575 1689 611 1719 de
625 1689 718 1728 facto,
736 1688 846 1719 dietum
861 1687 1029 1719 Dominum
1043 1688 1219 1727 Principem,

154 1729 199 1759 seu
214 1729 270 1766 ejus
281 1728 516 1767 Procuratorem,
534 1729 580 1760 vel
594 1728 812 1764 Procuratores,
830 1727 860 1756 in
894 1726 1019 1757 acificam
1034 1727 1067 1757 &
1084 1728 1218 1765 quietam,

153 1767 307 1798 naturalem
323 1767 356 1797 &
371 1767 501 1805 civilem,
518 1767 622 1798 realem
636 1774 669 1797 ac
684 1766 861 1804 corporalem
905 1765 1089 1796 offeffionem
1105 1767 1138 1797 &
1158 1766 1219 1796 Sai-

154 1806 242 1836 finam
255 1805 398 1836 difflhornm
410 1807 543 1836 omnium
559 1807 593 1837 ὃ(
607 1805 778 1844 singulorum
794 1804 941 1834 Locorum
950 1827 960 1843 ,
975 1804 1131 1834 Terrarum
1140 1826 1150 1842 ,
1164 1803 1218 1834 Pa-

154 1845 230 1883 triae,
250 1844 282 1874 &
297 1844 528 1883 Dominiorum,
546 1853 615 1874 cum
630 1844 767 1874 omnibus
784 1844 837 1873 suis
850 1842 1041 1881 Pertinentliis,
1058 1852 1108 1881 per
1128 1842 1196 1872 Nos
1207 1866 1217 1881 ,

153 1892 185 1914 ut
197 1883 387 1921 praemittitur,
408 1882 611 1921 Donatorum,
630 1881 730 1912 nostris
742 1881 908 1919 Sumptibus
922 1882 1041 1920 propriis
1055 1882 1089 1912 &
1103 1880 1217 1919 Expen-

153 1922 203 1960 fis,
227 1923 374 1959 quamcito
387 1945 397 1960 ,
423 1922 649 1961 qualitercunque
665 1944 675 1959 ,
697 1922 732 1952 &c
752 1920 992 1959 quandocumque
1012 1921 1217 1960 recuperaveri-

151 1970 215 1991 mus
229 1960 330 1999 Regna
345 1960 460 1999 nostra,
477 1960 523 1991 vel
538 1961 672 1998 majorem
688 1966 796 1996 partem
816 1959 959 1998 ipsorum,
977 1959 1022 1990 vel
1044 1958 1078 1989 ad
1097 1968 1216 1989 manum

151 1999 277 2030 nostram
294 1998 468 2030 devenerint.

187 2037 241 2074 Et,
259 2038 278 2067 si
293 2039 444 2077 contigerit
457 2037 566 2068 Gentes
578 2037 722 2068 diistorum
738 2037 903 2076 Locorum,
918 2037 1072 2067 Terrarum
1082 2059 1091 2074 ,
1106 2036 1219 2074 Patriae‚

151 2077 186 2107 &
201 2076 409 2108 Dominiorum
423 2076 555 2108 rebellare
568 2077 601 2107 &
616 2076 811 2108 contradicere
823 2076 904 2106 dieto
922 2076 1057 2106 Domino
1072 2075 1199 2114 Principi
1208 2097 1218 2113 ,

152 2116 182 2145 in
196 2122 259 2145 toto
275 2114 320 2147 vel
340 2116 369 2146 in
384 2124 477 2155 parte,
495 2117 526 2145 in
547 2114 737 2146 nanciscendo
758 2115 792 2145 δε
815 2115 983 2154 accipiendo
1008 2113 1217 2144 Poffeffionem

152 2153 379 2192 praemissorum,
399 2164 449 2193 per
470 2154 538 2184 Nos
554 2154 604 2184 fibi
627 2152 827 2184 concessorum
847 2153 880 2183 &
902 2153 1092 2191 donatorum,
1109 2152 1155 2182 seu
1177 2153 1218 2182 ei-

153 2192 242 2230 dem,
264 2201 295 2222 ut
306 2202 406 2223 eorum
421 2193 557 2223 Domino
572 2192 680 2231 Legio,-
698 2191 817 2222 obedire
831 2191 1000 2229 recusando,

190 2230 276 2269 Nos,
293 2231 321 2260 i‘n
337 2232 449 2271 propria
465 2229 602 2268 Persona,
619 2230 805 2268 accedemus,
824 2230 869 2260 vel
891 2230 928 2260 de
948 2230 1049 2260 nostris
1071 2228 1217 2260 Gentibus

152 2268 321 2299 sufficienter
336 2271 500 2308 mittemus,
519 2269 552 2299 ad
566 2269 674 2300 diffitam
689 2268 827 2306 Terram,
843 2268 981 2307 Patriam,
997 2267 1218 2299 &Dominium

150 2308 187 2337 de
202 2307 318 2346 Biscaia,
338 2309 371 2338 &
391 2308 426 2339 de
440 2307 542 2339 Castro
556 2308 591 2338 de
606 2308 785 2346 Ordialibus,
804 2308 837 2338 &
859 2307 916 2337 aliis
937 2307 1060 2348 superius
1079 2306 1218 2344 expressa-

150 2346 202 2386 tis,
218 2356 271 2384 pro
283 2346 491 2385 compescendo
510 2346 659 2384 Rebelles,
675 2346 708 2376 &
733 2345 767 2376 ad
787 2346 954 2383 ponendum
973 2345 1084 2376 di&um
1109 2345 1218 2375 Domi-

149 2389 220 2415 'num
233 2384 416 2424 Principem,
430 2385 517 2416 alium
526 2408 535 2423 ,
547 2385 592 2415 seu
603 2385 670 2415 alios
682 2384 741 2423 ejus
754 2385 890 2423 nomine,
905 2386 935 2415 in
943 2383 1151 2415 Poffeffionem
1160 2394 1218 2414 rea-

150 2422 211 2453 lem
232 2433 265 2454 ac
288 2424 485 2462 corporalem,
511 2423 657 2463 pacificam
676 2424 710 2454 &
731 2424 872 2461 quietam,
890 2424 1025 2453 omnium
1044 2423 1218 2461 Terrarum,

152 2461 311 2499 Villarum,
330 2463 363 2493 ὅ(
376 2462 546 2500 Locorum,
566 2472 598 2492 ac
613 2461 699 2492 totius
714 2461 816 2492 Patriae
828 2461 864 2492 de
881 2461 1000 2499 Biscaia,
1013 2462 1046 2492 &
1062 2461 1099 2492 de
1113 2460 1216 2491 Castro

152 2499 188 2529 de
203 2498 381 2539 Ordialibus,
400 2501 433 2531 ὅ(
448 2501 580 2531 omnium
593 2500 708 2531 aliarum
724 2509 836 2538 rerum,
851 2510 900 2540 per
916 2511 969 2531 nos
984 2500 1080 2530 eidem
1097 2509 1218 2530 conces-

152 2538 243 2605 {arusm
257 2539 290 2569 &
304 2538 426 2577 superius
439 2540 666 2578 nominatarum,
684 2538 784 2569 nostris
799 2540 918 2579 propriis
932 2539 1097 2579 sumptibus
1110 2540 1143 2570 &
1157 2537 1220 2568 Ex-

175 2587 209 2607 en
223 2587 243 2606 is
257 2587 263 2606 :

152 2587 173 2659 ξ)
190 2615 301 2654 Qiod,
320 2615 338 2645 fi
359 2616 494 2654 placuerit
513 2616 640 2655 Principi
662 2617 698 2648 de
717 2616 768 2647 suis
788 2619 900 2648 mittere
919 2615 1080 2654 Gentibus,
1097 2626 1150 2656 pro
1166 2626 1218 2646 nos

148 2654 293 2692 juvando,
312 2654 344 2684 ad
375 2656 614 2693 compescendum
629 2656 722 2686 dictos
738 2656 869 2687 Rebelles
884 2656 916 2686 &
931 2655 1168 2685 Contradirfiores
1184 2656 1215 2684 in

152 2692 312 2732 praemissis,
328 2692 398 2723 Nos
416 2694 519 2725 eisdem
542 2694 683 2726 solvemus
697 2694 851 2734 Stipiendia
865 2695 898 2725 &
913 2693 1060 2733 Regarda,
1079 2697 1132 2731 pro
1144 2702 1219 2723 tem-

153 2739 226 2767 pore

154 2768 246 2798 dietus

193 2807 272 2845 Qiae
291 2807 386 2837 omnia
405 2808 439 2838 &
459 2808 564 2847 fingula
579 2809 718 2846 praemissa
733 2810 891 2839 tenebimus
903 2809 936 2839 ἃ
954 2808 1149 2838 inviolabiliter
1164 2808 1217 2838 ob-

153 2845 339 2883 servabimus,
356 2846 413 2876 sine
434 2847 603 2876 infrac'tione
626 2852 824 2885 quacumque,
838 2847 888 2877 sub
904 2848 1005 2876 virtute
1019 2854 1067 2883 per
1080 2856 1133 2876 nos
1147 2856 1217 2883 prae-

154 2882 210 2914 stiti
230 2883 406 2923 Juramenti,
430 2883 548 2923 Pcenis,
573 2885 606 2916 ὃς
627 2885 875 2925 obligationibus,
901 2886 931 2915 in
950 2884 1026 2915 dieta
1049 2884 1220 2915 Donatione

154 2931 222 2952 com
244 2923 370 2953 rehensis.

192 2963 208 2978 ⁴
244 2971 263 2990 n
289 2971 411 3001 quorum
438 2962 570 2992 omnium
588 2962 622 2993 ὃς
642 2962 816 3002 singulorum
838 2961 1052 2992 Praemifforum
1072 2962 1221 2992 TestImo-

155 3000 236 3030 nium
245 3022 255 3038 ,
274 3001 307 3031 &
321 3000 355 3030 ad
368 2999 490 3040 ipsorum
500 3002 642 3039 ,majorem
658 3000 786 3030 Roboris
799 3000 960 3030 firmitatem
969 3023 977 3038 ,
995 3001 1099 3031 Literas
1113 2996 1220 3031 nostras

155 3047 240 3069 manu
265 3039 378 3078 propria
400 3039 622 3077 subscripsimus,
639 3049 672 3070 ac
693 3039 799 3069 eisdem
822 3039 948 3078 Sigillum
970 3038 1100 3069 nostrum
1115 3039 1218 3069 Plum-

156 3077 244 3111 beum
260 3078 290 3107 in
304 3077 435 3114 pendenti
448 3077 579 3108 duximus
593 3079 805 3117 apponendum.

194 3113 329 3146 Volentes
345 3139 355 3154 ,
380 3117 413 3146 &
434 3116 640 3154 concedentes,
665 3127 698 3147 ac
720 3117 803 3147 etiam
826 3117 998 3155 requirentes
1019 3116 1095 3154 Vos,
1122 3115 1219 3155 Magi-

156 3153 245 3183 strum
262 3154 424 3191 johannem
446 3154 482 3184 de
506 3154 677 3193 Londonia,
695 3155 853 3186 Notarium
880 3155 1052 3194 Publicum,
1074 3156 1219 3194 quatinus,

155 3191 190 3221 ad
211 3199 373 3228 perpetuam
394 3194 526 3223 omnium
547 3194 753 3230 praemissbrum
773 3195 962 3232 memoriam,
979 3204 1047 3231 VOS,
1064 3204 1132 3224 cum
1147 3204 1219 3233 prae-

155 3229 276 3259 sentibus
294 3229 444 3268 Testibus,
463 3230 652 3270 subscribatis,
671 3232 871 3273 praesentesque
891 3232 1009 3263 Litteras
1023 3233 1111 3272 Signo
1126 3232 1219 3263 vestro

154 3268 236 3298 solito
250 3267 423 3307 consignetis.

194 3306 305 3336 Datum
326 3306 399 3344 apud
420 3305 614 3346 Livorniam„
633 3307 775 3338 Dioecefis
797 3308 998 3345 Burdegalensis
1023 3310 1068 3339 die
1089 3310 1220 3340 vicesima

156 3344 235 3375 tertia
260 3344 367 3375 Mensis
388 3345 577 3384 Septembris,
596 3346 685 3377 Anno
705 3346 829 3377 Domini
843 3347 1016 3386 Millefimo,
1036 3348 1220 3379 Trecentesi⁴

158 3392 226 3420 m0,
245 3382 422 3422 Sexagefimo
434 3383 521 3414 seirto.

268 2737 305 2760 uo
328 2731 435 2762 ibidem
458 2732 599 2770 steterint,
616 2743 668 2771 pro
683 2733 816 2763 faciendo
830 2733 965 2771 praedieta
999 2742 1035 2762 eo
1051 2731 1141 2762 modo
1159 2741 1218 2769 quo

287 2769 396 2805 rinceps
410 2770 521 2800 solverit
537 2771 678 2801 Gentibus
694 2772 745 2801 suis
760 2773 788 2800 in
805 2771 932 2809 praesenti
946 2755 1068 2808 V'iagi03

585 3461 770 3493 Praesentibus
777 3485 788 3501 ‚

195 3537 402 3569 Praecarisfimo
417 3537 638 3577 Consanguin'eo
654 3538 770 3578 nostro,
1169 3572 1171 3576 f

197 3580 314 3606 Domino
326 3575 460 3614 Johanne
473 3578 550 3605 Duce
564 3576 753 3617 Lancastriae,
770 3576 884 3608 illustris
900 3577 986 3618 Regis
1003 3577 1114 3617 Angliae
1129 3577 1220 3618 FiliO,

158 3616 297 3685 acgratie
312 3614 381 3646 dieti
396 3613 533 3652 Principis
551 3624 557 3643 :

219 3663 229 3684 t

196 3677 373 3724 Reverendis
386 3692 416 3721 in
432 3689 548 3721 Christo
562 3686 708 3730 Patribus,

198 3734 314 3761 Domino
330 3729 412 3759 Helia
421 3752 429 3766 ,
446 3728 645 3767 Archiepiscopo
659 3729 847 3769 Burdegalenfi
855 3755 865 3768 ‚

198 3772 313 3798 Domino
330 3769 486 3806 Bernardo,
503 3768 627 3806 Episcopo
641 3769 826 3808 Xandlonenfi
832 3791 842 3805 ,

200 3805 346 3845 Johanne,
365 3806 460 3836 Είεέῖο
475 3805 657 3845 Bathonenfi,
677 3805 854 3836 Cancellario
869 3807 1048 3846 Aquitaniae'i

196 3843 328 3882 Johanne
340 3845 466 3875 Chandos
473 3869 482 3880 ,
499 3844 716 3875 Constabulario
722 3867 732 3882 ,

202 3882 238 3913 Et
252 3883 357 3912 Thoma
373 3885 404 3913 de
419 3884 530 3923 Felton,
548 3883 722 3922 senescallo,

202 3921 377 3960 Aquitani-z,
788 3950 789 3953 ,

203 3958 310 3995 Nigello
321 3960 353 3988 de
367 3963 503 4000 Loereyn,
521 3960 683 3991 Camerario
697 3960 766 3991 dieti
781 3959 935 3999 Principis,

200 3997 385 4067 Βὲιμψιιοᾶίε
391 3999 534 4067 ἔνωὶίία,
551 3999 706 4031 senescallo
723 3997 938 4037 Xanctonensns

247 4046 295 4066 om.
367 4060 374 4067 .
418 4061 425 4068 .
440 4041 484 4068 ΙΙ.

1258 1527 1343 1566 opera
1359 1528 1552 1567 multipliciter
1563 1531 1701 1570 insignitae
1709 1554 1720 1570 ,

1281 1565 1331 1610 ,Ν
1333 1576 1365 1597 os
1376 1567 1549 1612 attendentes
1562 1570 1665 1600 merito
1680 1570 1761 1607 quod
1774 1572 1895 1601 eundem
1910 1572 2016 1603 dic'tum
2030 1573 2193 1613 Principem
2208 1584 2323 1618 oporte:

1257 1604 1300 1634 bit
1319 1604 1445 1637 Patriam
1463 1607 1540 1637 suam
1562 1609 1717 1647 relinquere
1732 1632 1741 1646 ,
1767 1619 1819 1647 pro
1840 1609 2030 1649 Reparatione
2052 1613 2146 1644 Status
2166 1617 2270 1655 nostri,
2289 1621 2324 1650 ὃς

1258 1642 1488 1687 Recuperatione
1504 1645 1675 1685 Regnorum
1694 1648 1916 1687 praedictorum,
1930 1650 1963 1680 ὃς
1978 1660 2030 1688 pro
2043 1659 2121 1682 tanto
2136 1655 2256 1684 eandem
2269 1656 2325 1687 Pa-

1257 1689 1340 1712 triam
1360 1683 1435 1714 suam
1456 1685 1570 1715 habebit
1585 1685 1705 1716 stabilire
1717 1687 1751 1717 &
1765 1688 1876 1717 munire
1889 1689 1972 1719 novis
1987 1688 2200 1722 Munitionibus
2215 1693 2325 1726 Homi-

1255 1729 1326 1750 num
1348 1722 1550 1761 Armatorum,
1568 1735 1639 1762 quos
1661 1725 1775 1755 habebit
1797 1725 1938 1756 adducere
1951 1727 1988 1757 de
2006 1727 2106 1767 Anglia
2120 1730 2153 1760 &
2170 1732 2228 1761 aliis
2242 1735 2326 1772 parti-

1255 1758 1309 1827 biR
1327 1758 1490 1801 ExtraneiS,
1508 1763 1610 1801 quibus
1624 1764 1740 1804 largiora
1755 1763 1900 1802 Stipendia
1913 1766 1946 1796 ὃς
1963 1766 2098 1804 Regatda
2111 1771 2257 1809 oportebit
2271 1774 2327 1803 rni-

1253 1807 1283 1827 ni
1311 1808 1386 1838 rare,

1291 1837 1336 1868 Ac
1363 1839 1585 1883 nichilominus,
1618 1840 1718 1872 Illustri
1745 1841 1972 1882 Consanguineae
1996 1844 2104 1875 nostrae
2129 1845 2324 1889 Principiffae,

1255 1873 1392 1920 Consorti
1415 1878 1487 1917 suae,
1504 1889 1573 1909 cum
1596 1879 1671 1910 Filiis
1690 1881 1760 1919 suis,
1779 1881 1894 1912 habebit
1917 1883 1954 1913 de
1978 1885 2077 1920 majori
2092 1883 2240 1917 Comitiva
2253 1887 2322 1918 Ho-

1254 1923 1366 1982 gnnum
1389 1917 1422 1947 &
1444 1917 1560 1948 Familia
1575 1940 1585 1956 ,
1612 1929 1665 1957 pro
1686 1919 1810 1957 ipsorum
1832 1922 1951 1952 tuitione
1972 1923 2005 1953 δε
2029 1922 2202 1964 Salvatione,
2227 1929 2325 1964 provi-

1276 1964 1337 1993 ere,

1291 1993 1436 2033 Qiodque
1457 1995 1534 2026 idem
1548 1995 1695 2026 Dominus
1710 1996 1845 2036 Princeps
1859 2008 1919 2028 non
1933 1998 2088 2039 Modicos,
2103 2001 2149 2032 sed
2165 2001 2324 2041 Apparatus

1254 2030 1417 2063 Exceffivos
1436 2034 1469 2065 ὃ(
1492 2033 1632 2070 Expensas
1652 2034 1766 2066 habebit
1787 2036 1878 2067 subire
1893 2038 1934 2067 ob
1948 2037 2021 2069 hanc
2034 2038 2173 2078 Causam,
2194 2043 2251 2071 tam
2269 2054 2323 2080 pro

1255 2069 1378 2114 Persona
1399 2071 1452 2115 sua·
1464 2072 1498 2103 ὃς
1520 2072 1663 2103 Gentibus
1679 2073 1796 2104 Domus
1808 2075 1879 2114 suae,
1898 2077 1983 2114 quam
1999 2087 2053 2114 pro
2068 2079 2209 2110 concursu
2224 2080 2324 2111 Nobi-

1255 2109 1325 2139 lium
1338 2110 1371 2141 &
1387 2109 1744 2150 Militum,undecumque
1756 2113 1791 2144 ad
1808 2114 1883 2144 suam
1899 2114 2034 2145 Domum
2051 2117 2083 2147 ὃς
2100 2117 2233 2148 Mensam
2249 2130 2321 2150 con-

1255 2147 1419 2193 fluentium,
1439 2159 1511 2193 quos
1530 2159 1583 2187 pro
1602 2150 1730 2181 decentia
1751 2151 1845 2182 Status
1864 2153 1903 2182 sui
1928 2164 1961 2183 ac
1981 2154 2219 2193 Magnanimitate
2231 2157 2275 2189 sua
2289 2159 2322 2188 li-

1255 2187 1373 2218 berahris
1390 2197 1514 2225 recipere
1533 2190 1698 2228 oportebit,
1729 2199 1845 2221 necnon
1866 2192 1900 2222 ὃς
1917 2202 1968 2229 pro
1990 2191 2127 2232 Regardis
2151 2193 2322 2235 Comitum,

1260 2227 1275 2243 *⁵
1295 2227 1329 2257 &c
1351 2225 1540 2266 Magnarum,
1560 2228 1993 2269 aliorumque-Capitaneorum,
2011 2242 2082 2269 quos
2103 2233 2189 2263 ducet
2210 2235 2238 2264 in
2257 2235 2322 2265 Co-

1257 2265 1357 2295 mitiva
1377 2265 1421 2296 sua
1434 2288 1444 2303 ,
1470 2266 1504 2296 &
1524 2267 1625 2304 quibus
1646 2267 1761 2298 debebit
1781 2277 1894 2307 erogare
1913 2269 2101 2301 habundanter
2119 2271 2197 2309 juxta
2217 2272 2326 2304 statum
2338 2259 2435 2339 5ΞὲῙὲ

1255 2302 1421 2342 cujussibet,
2174 2338 2177 2341 ,

1293 2340 1335 2386 Ea
1377 2350 1487 2381 ropter,
1505 2352 1557 2382 pro
1570 2343 1729 2387 ‘Praemiffis
1749 2344 1783 2375 δε
1807 2355 1908 2376 eorum
1931 2347 2061 2385 finguhs,
2078 2358 2111 2379 ac
2131 2349 2253 2389 ipsorum
2275 2352 2324 2383 ali-·

1257 2381 1333 2418 quali
1386 2382 1652 2425 ecompensatione,
1670 2382 1770 2413 damus
1788 2384 1822 2414 ὃς
1845 2384 1910 2414 dare
1930 2395 1963 2415 ac
1987 2386 2093 2417 solvere
2113 2390 2323 2430 promittimus,

1256 2420 1294 2449 de
1313 2419 1407 2451 nostra
1428 2430 1501 2451 certa
1521 2420 1637 2451 seientia
1658 2421 1690 2452 ὃ(
1711 2421 1863 2461 spontanea
1876 2423 2038 2462 voluntate,
2059 2434 2111 2463 pro
2125 2434 2252 2466 tempore
2267 2429 2325 2460 Sex

1264 2457 1411 2489 Menfium
1431 2459 1563 2490 duntaxat
1601 2460 1797 2498 roximorum,
1813 2462 2010 2501 incipientium
2026 2464 2069 2493 die
2085 2463 2245 2496 Dominica
2260 2469 2326 2505 post

1259 2497 1373 2527 Festum
1396 2497 1562 2535 Epiphaniae
1611 2500 1719 2536 omini,
1737 2509 1801 2536 quae
1816 2501 1869 2530 erit
1882 2501 1996 2531 decima
2012 2503 2059 2533 die
2074 2503 2202 2535 introitus
2216 2505 2325 2537 Mentis

1251 2535 1375 2574 Januarii
1393 2560 1402 2574 ,
1427 2537 1515 2566 Anno
1535 2547 1592 2574 quo
1613 2537 1683 2566 infra
1697 2559 1706 2575 ,
1733 2537 1915 2581 Quingentos
1937 2540 1972 2569 δε
2002 2540 2217 2586 Quinquaginta
2240 2544 2325 2576 Mille

1259 2574 1398 2605 Florenos
1418 2575 1488 2605 Auri
1499 2574 1595 2613 Cugni
1607 2575 1644 2605 de
1659 2575 1816 2613 Florentia,
1836 2577 1904 2607 boni
1922 2577 2039 2610 Auri&
2052 2580 2171 2619 legitimi
2185 2581 2323 2615 Ponderis

1257 2613 1424 2650 (videlicet)
1444 2622 1497 2650 pro
1516 2613 1619 2643 eodem
1643 2613 1790 2653 Principe,
1810 2625 1862 2653 pro
1883 2625 2010 2654 tempore
2028 2618 2131 2648 Trium
2157 2619 2324 2653 Primorum

1258 2650 1406 2682 Mensium
1416 2674 1426 2689 ,
1441 2651 1569 2682 Centum
1585 2652 1618 2682 &
1634 2652 1848 2692 Qinquaginta
1864 2653 1947 2685 Mille
1964 2655 2100 2687 Florenos
2117 2657 2184 2688 Auri
2194 2682 2203 2697 ,

1296 2689 1352 2728 Et,
1370 2700 1423 2728 pro
1448 2691 1535 2720 tribus
1555 2689 1663 2721 ultimis
1676 2690 1825 2722 Mensibus
1839 2691 1967 2723 Centum
1986 2694 2071 2725 Mille
2084 2696 2221 2727 Florenos
2236 2698 2306 2729 Auri
2323 2717 2326 2720 ·

1294 2728 1348 2766 Et,
1367 2738 1420 2767 pro
1437 2728 1585 2765 Ducibus,
1605 2728 1785 2768 Comitibus,
1805 2731 1838 2761 ὃς
1856 2731 2037 2772 Magnatibus
2051 2735 2228 2771 supradietis.
2243 2724 2325 2768 Cen-²

1258 2777 1321 2797 tum
1345 2767 1378 2797 &
1397 2767 1553 2807 Oetoginta
1574 2766 1658 2798 Mille
1680 2768 1813 2799 Florenos
1831 2769 1920 2809 Auri,
1939 2781 1991 2808 pro
2006 2780 2135 2812 tempore
2147 2767 2251 2805 Trium
2266 2778 2324 2814 pri-²

1259 2815 1374 2836 morum
1389 2805 1534 2837 Mensium
1549 2807 1769 2846 praedictorum,

1295 2843 1332 2874 Et
1353 2845 1481 2875 Centum
1502 2846 1535 2876 &
1549 2844 1657 2884 Viginti
1673 2844 1757 2876 Mille
1772 2846 1906 2877 Florenos
1920 2847 2008 2887 Auri,
2027 2859 2079 2887 pro
2092 2849 2199 2882 Tribus
2214 2852 2325 2884 ultimis

1259 2882 1406 2914 Mensibus
1418 2884 1582 2921 antedictis,
1627 2907 1629 2911 .

1295 2922 1393 2961 Qiam
1411 2923 1527 2961 quidem
1540 2924 1690 2953 Summam
1704 2923 1848 2954 ditstorum
1862 2925 2094 2964 Qingentorum
2105 2927 2322 2966 Quinquaginta

1258 2959 1342 2991 Mille
1363 2961 1549 2992 Florenorum
1562 2961 1632 2991 Auri
1646 2963 1838 3000 promittimus
1853 2964 2027 2993 &tenemur
2042 2966 2149 2997 solvere
2163 2968 2196 2997 δε
2212 2969 2320 3000 realiter

1256 3000 1381 3038 tradere,
1399 3001 1500 3039 absque
1522 3000 1610 3036 aliqua
1624 3001 1867 3039 contradictione,
1886 3002 2003 3040 praefato
2017 3002 2160 3043 Principi,
2176 3007 2207 3035 ini
2219 3006 2322 3037 Castro'

1256 3039 1306 3068 suo
1329 3039 1506 3078 Burdegalae,
1525 3037 1624 3068 nostro
1644 3040 1771 3077 periculo
1792 3041 1944 3079 nostrisque
1965 3043 2085 3081 propriis
2105 3044 2271 3082 Sumptibus
2285 3048 2318 3077 &

1257 3077 1404 3116 ExpensiS,
1423 3079 1493 3108 infra
1517 3077 1599 3107 Duos
1621 3077 1722 3107 Annos
1743 3079 1907 3116 proximos,
1925 3089 1940 3108 a
1964 3080 2021 3109 fine
2036 3080 2143 3111 Trium
2160 3084 2317 3119 primorum

1258 3115 1403 3147 Menlium
1427 3116 1628 3154 praedidiorum
1645 3138 1654 3153 ,
1676 3116 1704 3145 in
1725 3126 1804 3147 antea
1825 3119 2033 3155 computandos
2053 3121 2221 3155 (videlicet)
2242 3122 2317 3152 Ter-

1256 3156 1322 3184 tiam
1347 3155 1459 3185 Partem
1479 3155 1563 3185 dieite
1584 3154 1652 3183 Auri
1668 3154 1796 3185 Summae
1817 3156 1888 3186 infra
1907 3155 2019 3187 Primos
2038 3157 2120 3188 octo
2136 3159 2266 3193 Menses,
2284 3162 2319 3190 &

1255 3194 1334 3224 aliam
1348 3194 1476 3224 Tertiam
1490 3193 1602 3223 Partem
1617 3192 1702 3223 dietae
1718 3193 1788 3224 Auri
1803 3194 1946 3232 Summae,
1966 3196 2036 3231 infra
2049 3197 2116 3226 alios
2132 3197 2214 3227 Octo
2228 3198 2318 3228 Men-

1257 3232 1295 3263 ses
1310 3232 1472 3263 immediate
1485 3234 1626 3269 sequentes
1641 3241 1647 3260 :
1686 3230 1741 3270 Et,
1761 3232 1833 3263 infra
1848 3233 1913 3263 alios
1925 3233 2007 3264 Ocsto
2024 3234 2152 3273 Menses,
2167 3236 2317 3267 immedia—

1256 3274 1285 3302 te
1298 3271 1456 3310 sequentes,
1475 3280 1566 3301 totum
1582 3269 1739 3300 Reiiduum
1755 3271 1837 3310 ipsius
1851 3272 1921 3301 Auri
1932 3272 2070 3302 Summae.

1292 3309 1329 3343 Et
1350 3311 1480 3340 volumus
1496 3310 1530 3340 ὅτ
1551 3308 1748 3339 Consentimus
1770 3309 1850 3348 quod
1871 3310 1945 3341 Tres
1964 3311 2040 3340 Filiae
2063 3310 2181 3348 nostrae,
2201 3311 2320 3344 Uxores

1256 3348 1386 3387 Magistri
1409 3349 1559 3379 Alcantare
1571 3348 1604 3378 ὃς
1620 3346 1731 3377 Mathei
1745 3347 1895 3386 Ferrundi,
1913 3350 1947 3379 δε
1963 3358 2062 3379 eorum
2078 3349 2189 3387 Liberi,
2209 3350 2317 3382 Hosta-

1256 3388 1300 3425 gia
1324 3388 1402 3427 super
1423 3387 1473 3417 hiis
1494 3387 1527 3416 ὃς
1547 3386 1604 3415 aliis
1624 3396 1672 3422 per
1688 3385 1755 3416 Nos
1769 3386 1847 3423 data,
1867 3396 2029 3417 remaneant
2044 3387 2137 3418 donec
2151 3388 2226 3419 dieti
2243 3390 2315 3421 Auri

1258 3426 1374 3456 Summa
1389 3427 1420 3456 iit
1432 3427 1522 3456 eidem
1540 3423 1662 3463 Principi
1677 3424 1759 3463 plene
1775 3426 1807 3456 εἰ
1825 3426 1931 3464 integre
1948 3425 2089 3462 persoluta.

1298 3465 1341 3495 Ac
1366 3466 1450 3495 etiam
1480 3463 1669 3503 promittimus
1697 3464 1730 3493 ὃς
1752 3472 1880 3493 tenemur
1904 3463 2011 3493 solvere
2033 3465 2066 3494 &
2089 3464 2204 3495 reddere
2223 3468 2317 3500 eidem

1258 3501 1383 3542 Principi
1399 3526 1408 3542 ,
1428 3503 1540 3538 ModO,
1561 3501 1659 3538 Loco,
1679 3502 1711 3531 ὃς
1734 3501 1881 3531 Terminis
1902 3502 2074 3539 tupi-adicitis,
2095 3505 2193 3533 omnia
2208 3504 2317 3544 vadia,

1258 3539 1417 3580 Stipendia,
1437 3543 1469 3571 &
1487 3539 1629 3581 Regarda,
1646 3550 1710 3579 quae
1723 3540 1800 3569 idem
1813 3539 1964 3579 Princeps,-
1979 3550 2031 3578 pro
2045 3541 2127 3572 dictis
2141 3543 2246 3574 Tribus
2259 3547 2316 3581 pri-⁷

1259 3581 1313 3609 mis
1335 3580 1497 3615 Mensibus,
1515 3580 1567 3608 iuis
1588 3577 1732 3608 Gentibus
1749 3579 1857 3607 solverit
1876 3588 1939 3609 ante
1955 3589 2090 3617 manum,
2108 3581 2162 3610 una
2179 3592 2246 3612 cum
2258 3583 2318 3613 aliis

1258 3618 1391 3656 Expeusis
1412 3629 1477 3657 quas
1491 3616 1546 3654 ipse
1561 3617 1626 3647 fecit
1643 3617 1675 3647 ὃς
1691 3616 1778 3655 ipsum
1792 3616 1884 3647 facere
1899 3619 2046 3654 continget
2062 3619 2211 3650 occasione
2225 3621 2319 3659 Adju:

1258 3658 1323 3687 toi-ii
1338 3658 1371 3687 &
1388 3654 1539 3687 Succurssis
1552 3677 1561 3692 ,
1577 3656 1658 3685 nobis
1672 3654 1860 3693 praestitorum
1875 3656 1908 3686 &
1922 3656 2154 3695 praestnndorum.

1296 3696 1348 3734 Et,
1367 3696 1403 3726 de
1425 3694 1542 3725 Summa
1564 3692 1768 3732 Expeniarum,
1786 3693 2015 3733 Stipendiorum,
2036 3696 2068 3725 ὅ(
2092 3696 2291 3734 Regardorum
2306 3713 2319 3738 3

1258 3735 1450 3772 promittimus
1471 3731 1546 3774 stare·
1562 3732 1680 3770 iimplici
1693 3730 1837 3762 R-elationi
1852 3732 1922 3763 dieti
1938 3733 2093 3772 Principis,
2113 3737 2157 3764 ieu
2175 3735 2316 3772 Registris

1256 3773 1445 3803 Thesuirarire
1462 3771 1514 3800 sun:
1531 3774 1608 3808 iuper
1633 3770 1691 3799 hoc
1711 3770 1849 3800 conicitis
1864 3793 1874 3809 ,
1897 3772 1999 3809 absque
2019 3773 2244 3804 contradictione
2265 3786 2315 3813 per

1257 3811 1325 3841 Nos
1336 3811 1425 3848 aliqua
1439 3808 1573 3839 fiicienda.
2226 3842 2229 3843 ⁷
2307 3843 2310 3845 ,

1294 3849 1332 3880 Et
1352 3849 1484 3888 praedicta
1506 3845 1643 3883 Hostagia
1659 3846 1765 3885 semper
1778 3849 1979 3886 remanebunt,
1998 3848 2091 3879 donec
2106 3851 2190 3881 etiam
2209 3851 2245 3882 de
2259 3852 2317 3890 ipsav

1256 3888 1375 3919 Summa
1387 3887 1476 3917 eidem
1494 3884 1618 3922 Principi
1630 3885 1713 3915 fuerit
1726 3888 1831 3926 integre
1844 3887 2019 3917 satisfaetum.

1297 3926 1351 3964 Et,
1370 3936 1422 3963 pro
1437 3922 1588 3955 Prcemiffis
1603 3925 1737 3954 omnibus
1751 3926 1785 3956 &
1799 3925 1927 3963 singulis,
1941 3935 1969 3955 ut
1984 3924 2093 3956 dietum
2107 3927 2165 3965 est,
2184 3937 2234 3967 per
2247 3928 2315 3959 Nos

1258 3965 1419 4001 Solvendi,²
1439 3961 1599 3998 Tenendis,
1616 3962 1816 4001 Complendis,
1838 3965 1871 3994 ὃς
1894 3963 2091 3994 inviolabiliter
2110 3965 2318 4006 observandis,

1259 4002 1425 4042 Obligamus
1440 4000 1525 4038 Nos,
1542 3998 1695 4039 Haeredes,
1713 4003 1746 4033 &
1759 4001 1937 4033 successores
1951 4001 2082 4042 nostros,
2099 4005 2232 4043 praedidia
2254 4005 2318 4034 Re:

1778 4039 1829 4078 Q·
2246 4051 2320 4082 gyra,
