2561 4251
70 223 147 254 Ann.
165 223 206 255 D.

68 271 179 328 §1370-

132 321 138 327 ι
157 311 170 338 3
177 323 185 330 .

69 338 91 358 *
112 341 163 370 VI.

68 377 135 411 649.

66 419 121 443 Aa.
136 424 183 451 44.

69 457 98 481 Ε.
119 463 144 489 3-

64 492 154 527 Claus.

65 539 115 564 44.
129 534 160 556 E.
172 538 197 566 3.

64 577 100 597 m.
121 577 165 603 24.

35 3177 53 3194 ὕ
71 3181 122 3207 vr.

35 3219 100 3252 650.

232 141 308 181 168

516 304 542 330 δὲ
571 307 628 338 Pro
655 302 794 348 Epifiopo
817 298 987 343 cicestrensi.

222 393 340 452 REX
358 391 560 428 Thesaurario,
577 386 611 420 sc
631 386 788 418 Batonibus
803 385 854 415 suis
870 384 906 414 de
918 383 1088 423 Scaccario,
1104 383 1242 414 Salutem.

328 432 427 468 Cum,
441 439 541 468 quarto
556 429 601 458 die
614 425 709 464 Junii,
727 424 832 454 ultimo
846 424 1001 461 praeterito,

257 471 351 509 Captfi
370 469 532 505 Fidelitate,
548 464 721 497 Venerabilis
746 462 849 499 Patris,
868 461 1020 491 Willielmi
1040 471 1129 498 nuper
1144 458 1278 499 Episcopi

218 509 416 543 Cicestrensis,
442 508 491 546 qui
513 507 542 535 in
564 502 740 544 Episcopum
763 499 1018 540 Wygorniensem,
1043 509 1092 537 per
1114 498 1278 528 Dominum

217 550 373 580 Summum
389 544 561 577 Pontificem
571 566 579 581 ,
602 540 754 572 sranssatus
768 539 828 577 est,
841 538 937 570 Nobis
949 537 985 569 de
999 536 1221 576 Temporalibus
1237 535 1280 565 di-

216 589 256 618 eu
274 584 456 624 Episcopatus
469 583 513 613 W
517 581 643 621 ygorniae
657 577 770 616 debita,
883 616 888 621 .
1051 614 1055 619 ¹
1158 611 1169 620 Α

251 625 352 656 Eidem
374 623 519 661 Episcopo
541 620 638 650 omnia
658 616 844 655 Temporalia
864 614 986 654 ejusdem
1002 613 1186 652 Episcopatus
1201 611 1278 651 Wy-

216 665 328 702 gorniae
343 662 572 695 Restiruerimus,

254 702 301 733 Ac
316 699 522 739 postmodum,
538 697 634 728 Nono
646 695 692 725 die
703 694 782 734 Junii
797 693 930 731 proximo
946 691 1094 729 sequente,

254 739 349 777 Capta
360 738 520 774 Fidelitate,
534 734 707 766 Venerabilis
722 732 824 769 Patris,
843 730 1010 768 Willielmi,
1028 738 1118 767 nuper
1133 727 1280 765 Praepositi

215 778 251 809 de
273 777 462 815 Wengharn,
478 784 566 814 quem
587 773 663 804 idem
684 771 820 802 Summus
840 769 973 800 Pontifex
994 769 1023 798 in
1039 767 1212 807 Episcopum
1227 765 1279 796 Ci-

213 817 380 848 cestrensem
400 814 545 854 praefecit,
1015 846 1019 851 .
1080 845 1085 849 ²
1257 844 1261 849 ἰ

251 855 354 886 Eidem
376 853 520 892 Episcopo
542 849 712 881 Cicestrensi
732 848 832 878 omnia
853 845 1038 885 Temporalia
1062 843 1182 882 elusdem
1208 843 1279 883 Epi-

212 893 343 931 scopatus
355 892 500 924 Cicestriae
515 889 748 924 Restituerimus,
775 925 779 929 Ι
1073 921 1077 926 ·

251 933 330 972 Qae
351 932 402 962 sibi
428 929 655 961 mandaverimus
673 926 799 962 liberari,
819 923 887 953 sicut
900 931 947 962 per
962 921 1169 961 inspedtionem
1182 919 1277 951 Rotu-

211 971 306 1003 lorum
322 970 504 1002 Cancellariae
518 966 624 998 nostrae
640 966 721 995 nobis
735 963 861 1007 constat,
886 1000 890 1005 .
1117 998 1122 1002 η

250 1010 334 1048 Nos,
353 1009 480 1039 volentes
498 1006 589 1037 eidem
604 1013 680 1034 nunc
697 1002 839 1045 Episcopo
854 997 1024 1043 Cilcestrevnsi
1040 996 1170 1041 Gratiam
1184 996 1275 1027 facere

210 1049 376 1088 specialem,
396 1046 616 1077 Pardonavimus
633 1043 666 1073 &
682 1042 854 1084 Remiiimus
873 1048 898 1067 ei
909 1047 1007 1082 omnia
1020 1035 1118 1080 Exitus
1136 1036 1168 1066 &
1183 1034 1275 1065 Profi-

209 1097 283 1131 ω’
300 1087 382 1117 ”⁰²³¹⁵
402 1086 439 1116 de
456 1073 1274 1150 ΤΕΨΨΩῙῬἛἀέἓᾌῗᾶἰῖἓὲἳὲιᾞέηῗίςὲῑῗὲῗῦἒῑῗῗᾶ

211 1122 677 1202 ῗὲἓὲρὲξῖἒέἑῖῗ]“““ἰ’ς“
1213 1134 1222 1150 ’

248 1202 286 1233 Et
300 1201 367 1232 ideo
381 1201 464 1231 vobis
477 1198 639 1230 mandamus
652 1194 731 1239 quod
745 1191 924 1230 Demandae,
1253 1228 1258 1232 Ι

247 1241 349 1276 Quam
369 1239 486 1277 praefato
507 1237 651 1274 Episcopo
672 1231 859 1269 Cicestrensi‚
874 1230 908 1260 ad
930 1227 1155 1268 respondendum
1173 1226 1271 1257 Nobis

209 1279 245 1310 de
264 1278 391 1309 Exitibus
411 1278 445 1308 &
468 1275 607 1306 Proficuis
627 1271 784 1314 praedifiis,
810 1279 864 1313 pro
886 1277 1017 1312 ternpore
1036 1266 1193 1307 praedicto,
1217 1275 1268 1304 per

205 1318 472 1349 Summonitionem
487 1313 626 1345 Scaccarii
639 1310 783 1350 praedidh,
803 1308 860 1338 sieri
875 1306 978 1343 facitis,
1033 1345 1038 1350 1

242 1355 432 1395 Supersederi,
447 1354 479 1385 ὅ(
494 1354 552 1383 tam
566 1350 672 1392 ipsum,
685 1357 770 1389 quarn
781 1346 945 1390 Johannem
957 1344 993 1374 de
1007 1342 1094 1388 Bisho
1131 1341 1211 1387 ston,
1229 1341 1268 1372 E-

206 1395 359 1426 scaetorein
382 1393 510 1423 nostrum
533 1392 562 1420 in
580 1388 770 1420 Comitatibus
783 1384 931 1418 Suffexiae,
950 1383 1067 1427 Surriae,
1132 1390 1217 1425 ntiae',
1233 1381 1267 1411 ὃ(

207 1432 419 1470 Middlesexiae,
438 1431 504 1462 inde
522 1429 558 1460 ad
579 1428 692 1459 dietum
711 1425 892 1457 Scaccarium
913 1422 1067 1453 Exonerari
1090 1422 1124 1452 &
1144 1420 1268 1458 Qnetos

205 1471 453 1547 effffgffeaiiiseipso
466 1506 539 1545 apud
551 1505 678 1536 Westm.
690 1503 804 1535 decimo
817 1509 918 1541 quarto
933 1499 980 1531 die
995 1497 1145 1530 Februarii.

334 1654 392 1684 Pro
415 1645 632 1683 Executoribus
652 1643 830 1690 Testamenti
847 1645 944 1676 Ducis
963 1641 1129 1674 Clarencia.

171 1770 177 1776 ⁸
205 1735 350 1793 REX,
377 1735 484 1765 dileffls
506 1734 539 1764 &
563 1732 689 1762 fidelibus
715 1730 782 1767 suis,
805 1728 970 1759 &Villielmo
995 1726 1115 1766 Brigge,
1138 1725 1264 1764 Johanni

281 1775 406 1813 Scrope,
424 1775 457 1805 ὃ(
474 1772 593 1811 Rogero
611 1771 719 1809 Enyas,
738 1768 870 1799 Salutem.

239 1812 337 1843 Sciatis
372 1812 446 1851 uod,

240 1850 318 1881 Ct‘im
374 1861 393 1880 o
423 1861 440 1880 n
500 1860 511 1879 r

239 1889 346 1920 Debita
366 1860 586 1920 cdnfidgffat'ione
610 1885 755 1926 pensantes
774 1883 905 1928 qualiter,
930 1880 1085 1913 carissimus
1103 1879 1188 1910 Filius
1209 1889 1262 1909 no-

203 1925 277 1966 ster,
294 1928 461 1966 Leonellus,
480 1936 569 1964 nuper
586 1925 656 1956 Dux
679 1924 856 1961 Clarenciae,
875 1932 904 1951 in
924 1931 983 1952 non
995 1919 1114 1951 modicis
1132 1918 1262 1948 Pecuniae

114 1963 121 1970 '
157 2000 165 2007 ,
202 1965 326 1997 Summis
337 1967 449 1997 diversis
463 1965 676 2002 Creditoribus,
692 1963 764 1993 dnm
779 1963 864 2000 vixit,
881 1961 914 1991 &
927 1968 1056 1999 tempore
1071 1957 1178 1988 Mortis
1189 1956 1262 1995 suae,

199 2006 421 2075 tetlggatlglart’erna
442 2042 646 2074 considerantes
666 2040 830 2071 Affectione
851 2047 882 2069 ut
902 2036 1011 2067 Debita
1034 2036 1094 2073 illa,
1111 2043 1164 2074 pro
1177 2033 1260 2065 salute

197 2081 314 2113 Animae
330 2082 402 2121 suae,
421 2083 545 2113 celeriter
578 2080 766 2117 ersolvantur,
1116 2112 1120 2117 ι

234 2121 465 2152 Concefferimus
484 2122 544 2159 quo
585 2119 683 2149 omnia
699 2117 838 2148 Redditus
851 2116 884 2146 &
898 2113 1029 2145 Proficua
1041 2112 1074 2143 &
1088 2111 1148 2142 aliae
1163 2111 1259 2142 Com-

195 2160 346 2203 moditates
363 2160 399 2191 de
419 2160 542 2197 Castris,
562 2157 714 2195 Maneriis,
731 2155 896 2192 Dominiis,
913 2153 1028 2190 Terris,
1047 2152 1080 2182 &
1095 2151 1260 2181 Tenemeii-

195 2205 230 2229 tis

192 2253 194 2255 v
232 2222 310 2277 (ἷκε
328 2237 404 2268 idem
426 2237 495 2267 Dux
515 2237 622 2273 tenuit,
640 2235 710 2265 dum
731 2234 818 2271 vixit,
838 2233 895 2262 tam
914 2232 942 2261 in
963 2228 1082 2267 Feodo,
1101 2228 1186 2266 quam
1209 2238 1259 2265 per

193 2275 305 2315 Legem
324 2277 450 2315 Angliae,
469 2277 502 2307 ὃς
522 2275 601 2311 alias,
617 2274 650 2304 ad
667 2273 841 2302 Terminiim
856 2271 931 2300 Vitae
944 2269 1016 2306 sute,
1033 2267 1069 2297 de
1083 2267 1258 2297 Haereditate

194 2313 350 2353 Philippae‚
371 2315 480 2346 Uxoris
492 2313 638 2344 Edmundi
653 2310 779 2341 Comitis
795 2309 954 2345 Marchiae,
971 2316 1004 2337 ac
1020 2307 1096 2336 Filiae
1110 2307 1142 2336 δε
1156 2304 1258 2348 ficere-

193 2353 235 2383 dis
256 2353 382 2392 praedicti
407 2354 516 2389 Ducis,
536 2353 592 2382 tarn
615 2352 642 2380 in
656 2349 746 2379 Terra
759 2347 853 2378 nostra
869 2346 1036 2382 Hiberniae,
1053 2345 1138 2383 quarn
1153 2354 1182 2373 in
1194 2344 1257 2374 An-

191 2390 249 2430 glii
263 2394 296 2423 &
319 2392 442 2429 Wailia,
468 2392 501 2421 &
521 2400 585 2428 quae
603 2389 637 2419 ad
657 2387 762 2418 Manus
781 2385 904 2422 nostras,
919 2384 1070 2427 occasione
1085 2381 1192 2413 Mortis
1212 2383 1257 2421 ip-

193 2430 246 2460 sius
263 2430 370 2469 Ducis,
388 2432 420 2462 δε
441 2430 548 2461 ratione
568 2427 692 2458 Minoris
711 2424 814 2456 AEtatis
832 2423 978 2463 praedidiae
998 2421 1156 2461 Philippae,
1171 2421 1256 2452 deve-

192 2478 295 2500 nerunt

230 2508 259 2537 A
278 2492 405 2546 te’mpore
426 2508 530 2539 Mortis
547 2505 668 2544 ejusdem
690 2502 798 2539 Ducis,
823 2501 908 2538 usque
926 2499 963 2543 ad
983 2499 1152 2541 Legitimam
1169 2497 1256 2529 AEta-

190 2553 254 2576 tem
272 2548 414 2585 praediebae
433 2546 571 2584 Philippae
585 2567 595 2581 ,
619 2542 813 2581 provenientia
829 2539 996 2576 (videlicet)
1016 2541 1099 2575 utque
1114 2537 1148 2567 ad
1167 2536 1256 2567 Vice-

190 2583 296 2614 ‘simum
315 2593 444 2623 quartum
459 2585 536 2614 diem
553 2581 669 2620 Augusti
686 2582 820 2618 proximo
837 2578 1010 2616 praetcritum
1024 2578 1094 2615 (quo
1108 2575 1153 2605 die
1167 2576 1254 2605 iidem

188 2621 305 2653 Comes
328 2625 361 2655 &
388 2623 514 2661 Philippa
533 2620 755 2650 Restitutionem
773 2617 809 2646 de
826 2616 998 2646 Haereditate
1016 2615 1095 2654 ipsius
1115 2613 1255 2652 Philippae

192 2660 362 2695 habuerunt)
377 2671 440 2700 per,
458 2660 576 2691 dilectos
597 2658 697 2694 nobis,
716 2655 946 2686 Bartholomeum
959 2652 1069 2695 ‘Pygot
1091 2653 1124 2683 &
1141 2652 1252 2690 Johan-

191 2709 261 2730 nem
289 2700 325 2730 de
343 2699 441 2739 Capell
457 2722 467 2737 ,
491 2698 662 2728 Executores
681 2694 859 2725 Testamenti
878 2693 1005 2736 praedicti
1026 2690 1133 2728 Ducis,
1158 2688 1253 2722 leve‘n-

191 2746 253 2775 tur,
269 2739 302 2769 &
324 2740 351 2768 in
371 2738 504 2769 auxilium
522 2736 662 2766 solutionis
683 2734 856 2764 Debitorum
875 2731 1081 2769 praedictorum
1096 2739 1253 2770 ponantur,

191 2778 267 2814 juxta
283 2777 496 2807 Avisamentum
510 2774 634 2805 Concilii
649 2773 734 2802 nostri
746 2794 755 2809 ,

230 2815 268 2845 Et
290 2816 368 2853 super
387 2816 444 2846 hoc
468 2813 706 2853 Assignaverimus
726 2809 838 2840 eosdem
859 2807 1032 2838 Executores
1052 2805 1085 2835 ad
1107 2804 1253 2843 Compota

192 2853 412 2892 Receptorutn,
439 2853 623 2887 Ballivorum,
649 2848 869 2884 Miiiistrorum,
892 2846 924 2877 &
951 2844 1113 2874 Custodum
1138 2843 1253 2877 Castro-

190 2901 273 2930 rum,
291 2892 507 2929 Maneriorum,
526 2889 750 2925 Dominiorum,
769 2887 941 2921 Terrarum,
959 2884 991 2914 ὃ(
1004 2884 1252 2925 Tenementorum

189 2930 224 2960 ὅ(
241 2930 416 2962 Reddituum
434 2930 655 2968 praedictorum,
672 2928 731 2957 tam
749 2926 784 2956 de
801 2933 928 2962 ternpore
939 2922 1015 2966 ‚dieti
1036 2920 1146 2965 Ducis,
1165 2924 1250 2959 quarn

188 2968 253 3006 post
274 2969 402 2999 Mortem
421 2969 545 3006 ejusdem
560 2991 568 3005 ,
592 2967 674 3004 usque
700 2965 733 2996 ad
761 2965 836 2994 diem
863 2960 1060 2992 Restitutionis
1084 2961 1250 2991 eorumdem

212 3006 311 3037 raefatis
329 3007 440 3038 Comiti
458 3008 491 3037 &
515 3006 649 3044 Philippae
668 3004 703 3034 sic
722 3003 824 3040 factae‚
847 3003 880 3033 &
898 3002 1030 3031 omnium
1046 2998 1162 3028 aliorum
1172 3021 1183 3037 ,
1201 3002 1250 3038 qui

188 3015 328 3076 ¹1³)enarios
347 3054 393 3076 aut
415 3046 465 3075 alia
490 3045 568 3075 Bona
587 3045 620 3075 δε
638 3043 760 3080 Catalla,
777 3050 840 3079 quae
856 3040 967 3070 fuerunt
982 3038 1062 3081 ipsius
1077 3035 1187 3076 Ducis,
1207 3049 1250 3069 re-

191 3092 342 3123 ceperunt,
361 3085 394 3115 &
412 3083 479 3114 inde
500 3083 682 3120 Compotum
701 3081 813 3111 reddere
831 3086 976 3117 tenentur,
996 3076 1183 3114 audiendum,

230 3123 266 3153 Et
286 3123 320 3153 ad
335 3123 412 3160 illos,
428 3132 499 3162 quos
521 3124 549 3152 in
572 3121 721 3158 Arreragiis
734 3119 854 3149 inveniri
871 3118 1019 3157 contigerit
1055 3124 1167 3145 necnon
1183 3115 1249 3145 alios

192 3161 347 3192 Debitores
361 3161 441 3198 ipsius
459 3160 566 3198 Ducis,
583 3161 631 3197 qui
647 3157 861 3196 Computabiles
873 3155 1003 3193 fuerunt,
1021 3139 1040 3173 ’ἰ
1055 3153 1249 3191 arestandum,

192 3202 246 3232 una
267 3210 336 3231 cum
358 3199 442 3230 Bonis
462 3200 496 3230 &
511 3199 623 3229 Cat-allis
638 3198 706 3234 suis⁷
725 3198 757 3227 ὃ(
773 3196 821 3226 sub
836 3194 937 3224 Aresto
950 3192 1133 3224 detinendum
1146 3193 1250 3229 quous-

191 3249 247 3276 que
269 3239 335 3270 inde
348 3237 436 3268 Plene
451 3237 639 3268 satisfecerint
648 3259 657 3274 ,
675 3235 719 3265 vel
735 3234 917 3264 sufficientem
932 3233 1116 3264 Securitatem
1132 3232 1249 3262 invene-

196 3279 251 3308 rint
265 3278 301 3308 de
314 3276 511 3317 respondendo
522 3277 559 3306 de
572 3275 726 3311 Arreragiis
739 3274 772 3303 &
788 3273 899 3302 Debitis
911 3271 1084 3310 supradictis,

227 3315 266 3346 Et
277 3316 311 3347 ad
325 3316 421 3346 omnia
436 3314 597 3353 hujusmodi
612 3313 766 3350 Redditus,
786 3311 914 3342 Proficua
924 3334 932 3347 ,
950 3311 983 3341 ἃ
996 3309 1058 3339 alias
1072 3306 1246 3338 Commodi-

190 3362 274 3390 tates,
293 3355 329 3384 de
345 3353 484 3391 praedictis
499 3352 620 3391 Castris,
636 3351 786 3387 Maneriis,
808 3350 970 3385 Dominiis,
984 3348 1099 3385 Terris,
1115 3348 1148 3378 ὃ(
1166 3345 1245 3376 Red-

190 3393 293 3423 ditibus
315 3394 523 3432 provenientia,
549 3392 610 3421 tarn
629 3390 665 3420 de
686 3389 765 3419 Tem
787 3398 836 3418 ore
856 3388 924 3418 dieti
948 3386 1040 3417 Ducis
1076 3386 1163 3424 quam
1183 3383 1247 3422 post

190 3429 322 3461 Mortem
342 3431 480 3469 ejusdem,
497 3431 580 3469 usque
602 3429 635 3460 ad
660 3429 736 3459 diem
789 3426 956 3456 estitutionis
974 3408 1136 3465 praed'ietae,
1155 3425 1188 3454 &
1211 3423 1246 3453 ad

189 3469 240 3500 alia
260 3469 366 3499 Debita
384 3470 533 3508 praedicta,
560 3466 730 3504 levandum,
754 3465 964 3504 colligendum,
983 3464 1016 3494 &
1036 3461 1247 3500 recipiendum,

190 3507 225 3539 &
240 3507 274 3537 ad
289 3507 510 3546 distringendum
526 3516 579 3546 pro
593 3505 696 3536 eisdem
712 3505 841 3542 quotiens
855 3504 887 3534 &
904 3510 987 3540 prout
1002 3500 1112 3532 neceffe
1124 3500 1222 3538 fuerit,

226 3545 262 3576 Et
283 3545 318 3575 ad
339 3544 420 3583 Illos,
440 3547 489 3583 qui
508 3546 541 3576 ad
558 3543 794 3582 Computaiidum
809 3550 958 3577 tenentur,
979 3541 1012 3571 &
1027 3548 1191 3576 computare
1205 3549 1248 3569 re·

189 3583 362 3621 cusaverint,
382 3583 552 3620 capiendum
571 3584 604 3614 ὃς
625 3581 799 3612 arestandum
814 3603 824 3618 ,
847 3581 881 3612 ὃς
902 3577 1021 3608 Prisonis
1043 3577 1142 3607 nostris
1163 3586 1247 3607 com-

190 3622 380 3660 mittendum,
406 3623 436 3651 in
457 3623 511 3659 eis,
536 3620 681 3659 quousque
698 3620 755 3649 hoc
773 3619 854 3658 gratis
871 3618 963 3648 facere
980 3617 1135 3654 voluerint,
1153 3625 1247 3647 mora-

191 3665 287 3694 turos,

227 3697 345 3735 Jamque
363 3698 450 3728 iidem
468 3697 640 3728 Executores
658 3695 755 3726 Nobis
772 3694 986 3733 supplicaverint
1006 3702 1054 3730 ut,

229 3733 310 3765 Cum
324 3736 394 3774 ipsi,
411 3737 452 3766 ob
467 3735 584 3766 diversas
598 3733 703 3771 causas,
720 3735 753 3765 ad
766 3735 872 3764 dinam
888 3733 1010 3762 Terram
1030 3731 1194 3768 Hiberniae,
1212 3730 1245 3760 ad

190 3772 335 3839 pfiaemissii³
351 3773 475 3804 facienda
495 3775 527 3805 &
550 3772 729 3810 exequenda,
758 3772 935 3810 personaliter
957 3770 1091 3801 accedere
1110 3778 1246 3808 nequeant

191 3821 212 3842 u
232 3819 252 3838 Ο
267 3820 316 3839 mO
338 3821 356 3839 O

227 3834 520 3916 1erlimus’vosstoco
537 3848 725 3885 eorumdem,
742 3848 775 3878 ad
795 3847 932 3885 praemiffa
951 3846 1078 3877 facienda
1097 3844 1246 3885 affignare‚

265 3896 313 3923 os,

228 3923 428 3962 Supplicationi
447 3925 606 3963 praedic‘tae,
623 3924 845 3955 consideratione
860 3922 1070 3954 Praemissorum
1107 3922 1246 3953 favorabi-

189 3963 251 3992 liter
273 3971 440 3999 annuentes,
456 3973 487 3993 ac
508 3963 544 3994 de
566 3963 694 3995 fidelitate
714 3963 747 3993 &c
767 3961 1020 3999 circumspedtione
1033 3945 1122 3995 vestr&
1136 3961 1245 3999 plenius

188 3999 361 4032 confidentes
368 4022 378 4039 ,

709 126 1526 180 coNvENTroNEQ

1582 127 1973 182 L1TERAE,

1346 212 1567 257 ,Affignavimus
1586 212 1666 251 Vos,
1683 215 1879 254 conjunctim,
1899 215 1932 244 ὃς
1957 209 2085 256 divisim,
2099 214 2133 245 ad
2155 213 2302 254 Compota
2315 223 2381 245 om·
2396 213 2471 246 Ann.
2487 215 2527 248 D.

1323 260 1405 281 nium
1423 253 1457 283 &
1478 252 1648 291 singulorum
1669 253 1884 292 Receptorum,
1902 250 2089 290 nativorum,
2107 252 2327 291 Ministrorum‚
2345 255 2379 284 &
2423 262 2506 292 1370,

1323 288 1487 321 Custodum
1511 290 1679 321 Castrorum
1692 313 1703 330 ,
1728 291 1939 322 Dominiorum
1954 310 1964 326 ‚
1988 288 2158 329 Terrarum,
2184 292 2382 322 Tenemento-
2398 292 2463 325 Edv.
2481 303 2508 330 3.

1319 337 1400 365 rum,
1419 330 1453 360 &
1474 329 1652 360 Reddituum
1666 330 1886 368 praediistorum,
1905 330 1934 357 in
1948 325 2021 356 dieta
2033 326 2123 359 Terra
2136 330 2301 368 Hiberniae,
2319 332 2378 360 tam

1318 366 1355 410 de
1377 366 1529 407 Tempore
1542 367 1622 406 ipsius
1636 367 1746 407 Ducis,
1763 368 1851 406 quam
1865 365 1929 404 post
1942 363 2073 395 Mortem
2088 368 2227 407 ejusdem,
2245 370 2331 407 usque
2344 369 2379 399 ad

1319 405 1433 436 dietum
1452 407 1638 445 vicefimum,
1654 416 1785 445 quartum
1806 406 1883 436 diem
1900 402 2018 441 Augusti
2052 413 2084 434 ac
2106 406 2222 437 aliorum
2238 417 2376 445 quorum-

1319 453 1444 482 cumque
1477 446 1526 484 qui
1545 444 1700 484 Denarios,
1719 446 1764 476 seu
1784 445 1835 475 alia
1855 443 1935 474 Bona
1956 442 1990 472 &
2011 425 2115 473 Catalla
2129 444 2248 481 eiusdem
2262 445 2371 483 Ducis,

1319 482 1376 512 tam
1398 484 1428 512 in
1444 466 1512 514 <lita
1521 483 1584 521 sua,
1597 485 1685 523 quarn
1701 483 1766 522 post
1780 482 1912 513 Mortem
1926 479 2067 518 ejusdem,
2085 490 2250 520 receperunt
2264 485 2310 516 vel
2324 486 2371 516 ha-

1319 521 1457 559 buerunt,
1477 523 1510 553 &
1525 522 1592 553 inde
1607 521 1822 561 Computabiles
1836 520 1957 551 existunt
1990 519 2180 558 audiendum,

1356 558 1395 603 Er
1413 558 1452 603 ad
1470 560 1550 600 illos,
1567 570 1639 599 quos
1657 562 1688 590 in
1710 561 1861 598 Arreragiis
1875 568 1925 598 per
1947 541 2094 597 Compota
2109 559 2241 596 praedieta
2254 561 2374 592 inveniri

1317 606 1481 642 contigerit,
1499 600 1532 630 &
1552 599 1620 629 alios
1641 597 1793 630 Debitores
1813 596 1989 636 hujusmodi,
2013 597 2061 637 qui
2081 594 2297 635 Computabiles
2313 602 2374 630 exi-

1316 635 1409 673 stunt,
1429 647 1459 666 in
1481 637 1572 667 Terra
1592 637 1728 676 praedieta
1746 636 1938 673 arestandum,
1957 636 2014 666 una
2033 645 2100 666 cum
2116 635 2201 666 Bonis
2213 637 2246 668 &
2262 637 2374 669 Catallis

1314 674 1383 713 suis,
1399 675 1432 705 &
1445 675 1495 706 sub
1509 674 1611 706 Aresto
1623 675 1805 707 detinendum
1814 698 1824 713 ,
1839 676 1983 712 quousque
1995 673 2062 704 inde
2076 675 2157 713 plene
2173 675 2374 716 Satisfecerint,

1315 714 1363 744 vel
1382 713 1570 745 sufficientem
1593 714 1775 746 Securitatem
1795 713 1954 744 invenerint
1966 712 2003 742 de
2014 712 2226 750 Respondendo
2238 714 2274 744 de
2287 715 2375 746 Arre-

1316 762 1344 782 ra
1366 753 1398 782 iis
1410 753 1443 783 &
1459 752 1574 784 Debitis
1587 754 1763 792 supradietis,

1382 799 1393 821 t
1414 791 1448 821 ad
1464 792 1594 823 Rebelles
1608 793 1641 823 δε
1656 792 1820 822 Contrarios
1835 790 1931 827 vobis,
1949 790 1996 827 qui
2013 799 2111 820 coram
2127 792 2206 822 vobis
2219 801 2369 831 computa-

1316 838 1346 859 re
1362 830 1561 869 recusaverint,
1578 831 1623 861 vel
1638 830 1815 869 diffugerint,
1832 831 1864 861 &
1877 828 1938 867 Juri
1953 829 2021 858 stare
2035 828 2190 868 noluerint,
2201 831 2370 869 capiendum

1317 869 1350 899 δε
1372 867 1548 899 arestandum
1561 892 1571 908 ,
1594 870 1627 900 ὅ(
1649 869 1771 899 PriiOnis
1793 868 1892 898 nostris
1912 867 2172 906 committendum,
2199 869 2230 898 in
2250 870 2370 909 eisdem,

1315 909 1459 946 quousque
1471 907 1528 937 hoc
1540 910 1622 946 gratis
1637 908 1728 938 facere
1742 908 1896 945 voluerint,
1915 915 2086 944 moraturos,

1353 945 1390 990 Et
1411 945 1444 976 ad
1467 949 1563 976 omnia
1580 947 1630 976 alia
1649 948 1682 978 &
1704 946 1825 985 singula,
1841 955 1903 985 quae
1924 945 1959 975 ad
1984 945 2132 976 Auditores
2151 944 2371 985 Compotorum

1313 992 1470 1027 pertinent,
1486 985 1648 1016 faciendum
1661 986 1694 1016 &
1709 994 1758 1015 exe
1779 985 1913 1014 uendum.

1349 1022 1557 1062 Assignavimus
1578 1025 1680 1062 etiam,
1703 1023 1739 1053 de
1759 994 1873 1053 Zffensu
1894 1022 2063 1053 eorumdem
2082 1022 2294 1062 Executorum,
2317 1033 2370 1054 vos

1310 1060 1441 1102 (npraefate
1461 1061 1604 1099 Waltere)
1625 1062 1658 1093 ad
1680 1063 1777 1092 omnia
1790 1061 1946 1100 hujusmodi
1961 1061 2114 1100 Redditus,
2132 1061 2274 1100 proficua,
2292 1062 2325 1092 &
2339 1073 2369 1093 a-

1310 1096 1358 1128 lias
1385 1098 1619 1143 Commoditates
1634 1124 1642 1140 ,
1665 1100 1700 1130 de
1741 1099 1856 1130 raedietis
1875 1098 1997 1138 Castris,
2024 1099 2178 1139 Maneriis,
2206 1100 2368 1140 Dominiis,

1310 1136 1423 1181 Terris,
1440 1138 1642 1178 Tenementis,
1661 1140 1693 1170 &
1715 1111 1885 1170 Redditibus
1899 1138 1928 1167 in
1941 1137 2093 1176 Hibernia,
2111 1139 2146 1169 de
2160 1147 2222 1170 toto
2237 1147 2366 1179 tempore

1309 1176 1464 1220 praedidto,
1482 1179 1690 1216 provenientia,
1707 1177 1875 1214 levandum,
1894 1175 2103 1216 colligendum,
2115 1178 2149 1208 δε
2163 1179 2367 1219 recipiendum,

1309 1213 1342 1244 &
1356 1214 1391 1258 ad
1404 1215 1625 1255 distringendum
1640 1226 1693 1256 pro
1706 1216 1812 1246 eisdem
1826 1216 1957 1254 quotiens
1968 1216 2001 1246 ὃς
2025 1223 2108 1253 prout
2123 1216 2234 1246 necesse
2250 1218 2352 1257 fuerit,

1345 1252 1383 1283 Et
1398 1255 1432 1284 ad
1445 1256 1541 1285 omnia
1554 1256 1604 1285 alia
1619 1255 1743 1293 Debita,
1761 1264 1825 1292 quae
1838 1254 1931 1284 eidem
1950 1254 2047 1293 Duci,
2065 1254 2136 1285 dum
2149 1255 2235 1292 vixit,
2249 1265 2282 1286 ex
2297 1266 2364 1294 qua-

1307 1300 1433 1360 cumdque
1452 1294 1528 1324 causa
1550 1294 1739 1332 debebantur,
1758 1294 1792 1324 &
1806 1292 1896 1324 adhuc
1910 1293 2064 1332 debentur,
2083 1293 2234 1325 levandum
2249 1294 2281 1325 &
2292 1297 2364 1326 reci-

1304 1339 1368 1367 pien
1391 1341 1438 1361 um

1343 1368 1381 1399 Et
1394 1370 1427 1400 ad
1442 1354 1652 1415 s'xcquietantias
1664 1372 1699 1403 de
1713 1370 1936 1411 quibuscumque
1950 1371 2137 1402 Pecuniarum
2149 1369 2290 1410 Summis,
2312 1381 2362 1412 per

1304 1417 1361 1451 vos·
1370 1408 1493 1452 levandis
1513 1411 1545 1441 &
1562 1410 1742 1452 recipiendis,
1761 1410 1841 1448 Hiis,
1859 1420 1874 1440 a
1889 1411 1989 1449 quibus
2002 1421 2045 1441 eas
2057 1410 2210 1441 levaveritis
2223 1410 2268 1441 seu
2282 1420 2362 1442 rece·-

1303 1454 1407 1485 penns,
1422 1449 1597 1487 faciendum,

1341 1484 1378 1516 Et
1398 1486 1431 1516 ad
1454 1485 1604 1518 Custodias
1621 1489 1654 1520 ὅ(
1676 1487 1843 1528 Maritagia,
1860 1497 1923 1525 quae
1939 1487 2047 1517 ibidem
2058 1487 2229 1526 acciderint,
2247 1488 2307 1518 tam
2321 1488 2360 1519 de

1305 1522 1454 1569 Tempore
1471 1525 1540 1569 dicti
1565 1526 1670 1564 Ducis,
1689 1528 1776 1564 quam
1791 1526 1854 1564 post
1871 1525 2000 1556 Mortem
2015 1526 2153 1564 ejusdem,
2168 1525 2253 1566 usque
2265 1526 2299 1557 ad
2314 1527 2359 1557 di-

1303 1561 1384 1592 &um
1406 1563 1581 1596 Vlceiimum
1604 1574 1733 1604 quartum
1749 1565 1824 1595 diem
1842 1564 1976 1605 Augusti,
1996 1574 2111 1594 necnon
2126 1564 2204 1594 Bona
2215 1565 2249 1596 &
2263 1564 2360 1597 Catal-

1302 1600 1343 1643 la,
1364 1601 1540 1641 Armaturas,
1559 1603 1715 1642 victu-alia,
1730 1605 1762 1634 δε
1784 1604 1846 1634 alias
1868 1604 1926 1634 Res
1941 1602 2150 1642 quascumque,
2169 1613 2233 1642 quae
2253 1603 2357 1636 fuerint

1300 1639 1423 1683 eiusdem
1447 1640 1539 1685 Ducis
1551 1642 1674 1679 ibidem,
1692 1651 1822 1679 tempore
1836 1641 1941 1672 Mortis
1953 1641 2024 1681 suae,
2042 1643 2217 1681 ubicumque
2231 1652 2263 1672 ea
2278 1643 2359 1675 inve-

1300 1688 1353 1708 niri
1375 1682 1546 1719 contigerit,
1560 1681 1714 1711 videndum
1736 1681 1769 1711 ὃ(
1789 1681 1854 1710 iride
1873 1681 2094 1720 disponendum,
2111 1688 2197 1720 prout
2211 1680 2310 1713 melius
2322 1683 2358 1714 δε

1303 1726 1356 1754 pro
1371 1719 1470 1756 majori
1483 1719 1643 1750 commodo
1657 1719 1719 1749 fore
1736 1719 1856 1749 videritis
1869 1718 2050 1757 faciendum,

1305 1794 1320 1799 μ
1339 1754 1378 1786 Et
1392 1757 1426 1787 ad
1439 1759 1537 1788 omnia
1550 1758 1601 1789 alia
1610 1781 1619 1795 ,
1639 1759 1667 1788 in
1682 1757 1734 1788 hac
1751 1766 1840 1795 parte,
1852 1756 2013 1788 faciendum
2027 1759 2060 1788 &
2074 1758 2267 1796 exequendum
2276 1769 2356 1799 ,quae

1303 1793 1390 1824 iidem
1404 1795 1578 1827 Executores
1592 1797 1714 1827 facerent
1731 1795 1750 1825 sl
1765 1796 1909 1833 praesentes
1921 1796 2008 1827 effent
2019 1795 2128 1826 ibidem
2137 1819 2147 1835 ,

1340 1832 1381 1864 Ita
1401 1835 1480 1873 quod
1499 1835 1536 1866 de
1554 1835 1701 1874 Denarii's,
1719 1834 1786 1864 inde
1798 1835 2046 1873 provenientibus,
2063 1844 2095 1864 ac
2108 1834 2144 1865 de
2157 1835 2212 1866 aliis
2225 1835 2356 1868 Redditi-

1300 1871 1367 1916 bus,
1383 1872 1539 1912 Proficuis,
1558 1875 1591 1905 &
1611 1873 1874 1904 Commoditatibus
1894 1873 2050 1911 praedictis,
2067 1873 2101 1903 &
2122 1874 2158 1903 de
2178 1874 2302 1904 Summis
2319 1875 2354 1906 ad

1297 1911 1389 1979 ipsum
1412 1911 1529 1944 Ducem
1548 1912 1649 1943 debitis
1662 1935 1671 1951 ,
1692 1922 1741 1952 per
1761 1922 1812 1941 vos
1832 1911 1956 1942 levandis
1976 1913 2009 1942 δε
2029 1913 2211 1950 recipiendis,
2235 1913 2356 1950 praefatis

1326 1953 1504 1994 xeeutoribus
1525 1951 1709 1990 respondeatis
1722 1974 1731 1989 ,
1757 1959 1786 1981 ut
1808 1950 1893 1980 iidem
1918 1950 2088 1981 Executores
2109 1950 2213 1982 Debita
2232 1951 2354 1990 ejusdem

1297 1987 1392 2057 Diffis
1410 1990 1515 2022 iolvcre
1535 1991 1658 2028 valeant,
1674 1997 1756 2029 prout
1769 1989 1806 2019 eis
1820 1990 1978 2029 injungetur
1992 1999 2040 2029 per
2055 1988 2123 2019 Nos
2139 1990 2171 2021 δε
2187 1989 2354 2021 Concilium

1296 2037 1336 2057 no
1365 2038 1428 2058 rum

1333 2065 1370 2097 Et
1388 2052 1455 2098 idei>
1475 2067 1566 2098 Vobis
1588 2066 1776 2104 Mandamus,
1799 2067 1915 2097 firmiter
1932 2066 2129 2105 Injungenres,
2156 2066 2253 2106 quod,
2278 2069 2353 2099 circa

1297 2104 1441 2137 Praemissa
1455 2107 1580 2138 facienda
1593 2108 1625 2137 δε
1640 2105 1819 2143 exequenda,
1837 2115 1905 2135 curn
1919 2108 2001 2136 omni
2013 2105 2172 2146 diligentia,
2190 2106 2354 2145 intendatis,

1296 2145 1329 2175 &
1345 2154 1376 2174 ea
1390 2145 1495 2175 faciatis
1509 2147 1541 2176 &
1556 2145 1733 2184 exequamini
1748 2145 1775 2173 in
1789 2145 1881 2174 forma
1898 2144 2043 2181 praedieta:

1335 2182 1444 2214 Damus
1462 2193 1557 2214 autem
1572 2184 1783 2220 Escaeroribus,
1804 2182 2044 2220 Vicecomiribus,
2062 2182 2283 2213 Constabulariis
2296 2182 2357 2214 Ca-

1297 2220 1435 2265 strorum,
1456 2222 1629 2260 MaionbuS,
1647 2221 1772 2258 BalliviS,
1793 2220 1947 2258 Ministris,
1961 2222 1995 2252 ὃ(
2011 2222 2067 2251 aliis
2080 2221 2220 2252 Fidelibus
2236 2222 2354 2260 nostris,

1296 2269 1325 2289 in
1346 2259 1420 2290 dicta
1434 2261 1523 2293 Terra
1537 2261 1701 2297 Hiberniae,
1719 2261 1776 2291 tiim
1789 2260 1859 2290 infra
1875 2259 2043 2298 Libertates,
2061 2262 2146 2300 quam
2161 2270 2255 2298 exrra,
2273 2271 2355 2291 teno-

1295 2308 1325 2342 re
1367 2299 1541 2338 raesentium,
1559 2301 1588 2330 in
1614 2299 1757 2329 Mandatis
1776 2298 1857 2336 quod
1879 2302 1893 2315 ⁸
1912 2300 2010 2336 vobis,
2029 2300 2061 2329 &
2081 2299 2194 2329 cuilibet
2209 2298 2355 2338 vestrum,

1295 2346 1324 2366 in
1372 2338 1496 2368 raemissis
1517 2338 1648 2370 faciendis
1660 2339 1693 2368 &
1708 2336 1894 2375 exequendis,
1912 2336 2094 2368 Intendentes
2110 2337 2178 2375 sint,
2197 2336 2357 2368 Consulen-

1294 2384 1332 2405 tes
1341 2399 1350 2414 ,
1368 2377 1402 2407 &
1424 2377 1612 2417 Auxiliantes,
1628 2378 1757 2415 quotiens
1771 2376 1804 2406 δε
1818 2376 1931 2416 quando
1943 2386 1992 2417 per
2007 2386 2059 2408 vos
2072 2376 2193 2416 requisiti
2206 2376 2308 2408 fuerint
2320 2387 2355 2408 ex

1293 2422 1370 2453 parte
1388 2415 1494 2446 nostra.

1366 2452 1398 2483 ln
1411 2456 1508 2493 cujus,
1526 2456 1586 2487 &c.

1292 2528 1312 2559 b
1329 2490 1416 2536 Teste
1440 2493 1521 2534 Rege
1543 2492 1616 2532 apud
1634 2491 1941 2531 westmonasterium,
1956 2493 2074 2524 decimo
2098 2492 2218 2531 septimo
2238 2491 2285 2523 die
2300 2491 2355 2523 Fe-

1314 2539 1402 2560 ruarii.

2395 2299 2414 2318 ’Β
2441 2300 2498 2330 νῘὲ

2395 2340 2462 2374 651.

1507 2658 1555 2689 De
1585 2655 1738 2689 Candabia
1752 2666 1808 2703 pro
1836 2656 1945 2690 David
1967 2655 2003 2689 de
2033 2658 2137 2703 Brnys.

1290 2741 1375 2797 RE
1386 2741 1432 2789 X,
1448 2742 1514 2787 ’δερ
1526 2741 1660 2790 Salutem.
1719 2781 1724 2786 .
1812 2781 1817 2785 .
1982 2781 1987 2786 .
2369 2738 2446 2771 Ann.
2462 2738 2502 2772 D.

1406 2782 1502 2812 Sciatis
1520 2781 1599 2819 quod
1622 2782 1791 2818 suscepimus
1810 2790 1838 2810 in
1860 2779 2078 2811 Protestionem
2091 2779 2124 2811 δε
2140 2777 2352 2814 Βεῗεῃίῐοηοπι,
2396 2787 2480 2818 ¹370·

1287 2818 1429 2862 nostram,
1449 2830 1563 2850 necnon
1584 2822 1613 2850 in
1634 2819 1738 2850 salvum
1753 2821 1786 2851 &
1803 2820 1931 2850 securum
1947 2819 2136 2851 Condudmm
2150 2820 2280 2851 nostrum
2303 2827 2350 2850 ca·
2369 2821 2422 2844 An.
2436 2827 2485 2854 44·

1289 2858 1428 2902 riiiimum
1449 2859 1572 2889 Fratrem
1595 2857 1741 2897 nostrum,
1760 2858 1856 2888 David
1878 2858 1913 2888 de
1930 2858 2013 2898 Bruys
2027 2859 2063 2889 de
2076 2858 2191 2897 Scotia,
2209 2856 2351 2889 veniendo
2372 2860 2401 2883 E.
2424 2865 2451 2891 3.

1288 2907 1317 2927 in
1336 2897 1469 2935 Regnum
1483 2897 1612 2929 nostrum
1626 2898 1752 2936 Angliae,
1767 2896 1855 2934 usque
1869 2896 2025 2928 Civitatem
2039 2896 2164 2927 nostram
2178 2895 2350 2933 Londoniae,
2368 2898 2460 2931 Scot.4

1289 2936 1333 2965 vel
1354 2938 1436 2975 alibi,
1462 2937 1531 2967 infra
1551 2936 1660 2968 dietum
1684 2936 1818 2974 Regnum
1840 2934 1989 2973 nostrum,
2016 2935 2064 2964 ubi
2085 2934 2214 2971 expedire
2234 2934 2349 2971 viderit,
2369 2936 2397 2959 E·
2420 2941 2445 2968 3-

1288 2985 1357 3005 cum
1381 2975 1575 3014 Quadraginta
1593 2975 1740 3014 Equitibus
1760 2973 1795 3003 de
1816 2972 1965 3004 Comitiva
1983 2973 2044 3011 sua,
2062 2973 2172 3003 ibidem
2187 2973 2348 3011 morand0‚
2368 2979 2405 2999 m·
2423 2979 2450 3005 5·

1289 3014 1322 3045 &
1337 3014 1438 3044 exinde
1454 3016 1481 3044 in
1498 3012 1623 3044 Scotiam
1639 3013 1800 3047 redeundo,

1326 3051 1364 3082 Et
1377 3052 1460 3090 ideo,
1476 3051 1535 3087 &n
1549 3059 1580 3082 ut
1595 3055 1624 3081 in
1629 3050 1759 3092 similibus
1773 3052 1877 3079 Literis
1890 3050 1921 3079 de
1935 3049 2080 3079 Condubi‘u.

1361 3090 1392 3120 In
1409 3093 1507 3130 cu'us,
1524 3092 1583 3122 &c.
1600 3099 1648 3126 per
1663 3097 1753 3120 unum
1769 3087 1886 3117 Annum
1900 3087 2048 3118 duraturas.

1323 3127 1413 3172 Teste
1434 3103 1516 3169 Rege
1537 3128 1609 3168 apud
1628 3125 1932 3165 Westmonasterium,
1951 3126 2088 3157 vicesimo
2107 3124 2215 3159 octavo
2232 3127 2278 3159 die
2294 3127 2347 3159 Fe-

1288 3168 1398 3198 bruarii.
1710 3205 1762 3233 Per
1776 3200 1859 3242 ipfim
1872 3205 1968 3242 Regem
1983 3201 2021 3238 ῤ’
2035 3202 2189 3234 concilium.

1965 3279 2137 3320 Duplicatur.

1325 3360 1368 3387 Et
1382 3358 1559 3398 postmodam,
1575 3360 1660 3395 primo
1677 3358 1718 3387 die
1733 3358 1855 3396 Oc‘lobis,
1872 3356 1997 3395 proxim&
2003 3357 2146 3397 sequenti,
2163 3357 2232 3387 idem
2246 3359 2350 3390 David

1286 3396 1318 3425 de
1337 3400 1425 3436 Bruys
1447 3397 1530 3426 habet
1553 3395 1694 3435 confimiles
1714 3399 1827 3427 Literas
1851 3398 1927 3435 Regis
1949 3396 1981 3426 de
2002 3397 2155 3434 Conduc‘lu,
2174 3397 2206 3426 de
2221 3399 2302 3429 verbo
2315 3402 2345 3428 in

1286 3435 1399 3464 verbum
1407 3458 1417 3474 ,
1431 3445 1478 3474 per
1490 3439 1635 3465 Biennium
1647 3435 1805 3465 duraturas.

1287 3564 1344 3593 Pro
1373 3559 1511 3606 Epiftopo
1535 3562 1706 3601 Londoniae,
1730 3557 1767 3590 de
1796 3559 1931 3591 Licentia
1948 3557 1993 3591 ad
2006 3561 2186 3592 Haereticum
2203 3561 2341 3594 [αι-Ανα-

1752 3606 1896 3640 randum.

1288 3690 1429 3747 REX,
1446 3691 1610 3722 Venerabili
1632 3692 1662 3721 in
1681 3690 1801 3723 Christo
1820 3691 1911 3731 Patri,
1929 3691 1959 3722 S.
1975 3691 2074 3723 eadem
2088 3689 2200 3728 Gratia,
2217 3689 2338 3728 Episco-
2358 3707 2385 3738 Α
2443 3708 2486 3740 D-

1362 3740 1401 3767 po
1416 3730 1594 3769 Londoniae,
1611 3730 1743 3761 Salutem.
2388 3717 2436 3739 nn*
2476 3734 2485 3741 '

1322 3767 1400 3806 Qia
1423 3769 1601 3807 accepimus,
1619 3778 1668 3807 per
1689 3768 1902 3807 Inquifitionem
1924 3767 2062 3806 vestram,
2081 3765 2159 3804 quod
2175 3764 2338 3799 Nicholaus
2352 3756 2460 3812 A¹37⁰'

1283 3802 1319 3847 de
1341 3806 1491 3850 Drayton,
1510 3807 1607 3837 vestrae
1627 3807 1783 3845 Dioeceiis,
1798 3807 1879 3844 super
1898 3805 2062 3841 Erroribus,
2078 3812 2176 3834 contra
2192 3804 2338 3838 Articulos
2353 3796 2403 3850 En.
2419 3795 2466 3822 44¹

1284 3841 1362 3874 Fidei
1378 3843 1554 3884 Catholicae,
1574 3844 1684 3884 Populo
1697 3844 1814 3882 nostro,
1833 3846 1862 3874 in
1877 3844 1986 3874 diverfis
1999 3843 2086 3879 locis,
2106 3842 2135 3871 in
2147 3840 2275 3874 Dioecefi
2288 3856 2337 3876 ve·
2377 3846 2384 3851 '
2405 3832 2419 3860 3

1284 3878 1354 3920 stra,
1395 3893 1423 3912 er
1443 3883 1533 3927 ipsum
1555 3884 1720 3921 publicatis,
1742 3892 1842 3913 coram
1861 3883 1942 3913 vobis
1960 3881 2086 3919 congrue
2107 3879 2284 3921 Convictus,
2302 3885 2336 3916 ὃς
2353 3865 2413 3889 PM*

1283 3926 1335 3955 pro
1382 3929 1489 3952 eretico
1503 3921 1683 3959 Adjudicatus
1697 3920 1805 3958 existit,
2342 3904 2382 3943 β’
2401 3907 2426 3936 3⁸

1318 3959 1483 3998 Qtodque,
1509 3961 1538 3989 in
1558 3960 1609 3990 suo
1628 3959 1731 3990 Errore
1749 3956 1916 3995 nephando,
1939 3956 2036 3986 animo
2049 3955 2337 3997 indurato,'nequiter
2350 3944 2376 3974 ν’
2407 3947 2430 3965 ¹‘
2454 3975 2474 4003 d

1281 3999 1454 4035 perseverans
1463 4020 1472 4036 ,
1489 3997 1522 4029 ad
1536 3997 1616 4029 Fidei
1628 3997 1788 4029 Catholicae
1802 3995 1951 4026 Unitatem
1965 3993 2056 4026 redire
2069 4005 2130 4027 non
2142 3999 2270 4037 curavit,
2279 4008 2333 4030 nec
2346 3985 2382 4004 m.
2392 3984 2436 4013 ²3¹
2475 3996 2480 4004 ’

2258 4045 2336 4070 curat
