2561 4251
20 181 98 259 Agrii
109 180 150 212 D.
167 188 317 218 contenta,
331 179 389 211 No

105 230 129 250 1.

20 261 72 287 ch.
92 268 119 287 2.

39 1806 54 1822 ”
67 1805 135 1834 vn.

8 1873 11 1876 Α
40 1844 104 1874 286.

170 110 243 139 112

169 221 203 251 lae
214 220 252 256 &
270 222 412 256 Legionis,
431 225 484 253 pro
497 214 601 244 eodem
618 211 754 242 Domino
771 209 870 240 nostro
891 211 960 244 Rege
981 204 1104 245 Castellae
1121 205 1235 247 Moder-

169 271 221 298 no,
240 259 273 290 ὃ(
290 267 344 295 pro
360 253 559 292 primogenito
581 249 709 281 Haerede
731 251 765 280 &
779 246 966 281 Successore,
984 254 1069 282 nato,
1085 243 1133 273 seu
1149 242 1236 272 nasci-

170 307 255 336 turo,
276 296 404 332 RegniS,
418 291 534 327 Terris,
552 291 585 320 ὃς
597 289 721 320 Subditis
736 288 804 323 suis,
822 295 890 315 cum
907 283 988 327 ἀίςῖὶο
997 282 1134 326 Domino
1143 283 1236 310 Karo-

172 337 196 367 lo
219 339 288 373 Rege
308 336 428 362 Franciae
449 330 582 359 Moderno
596 352 606 366 ,
630 337 683 365 pro
697 326 734 356 Se
749 349 759 362 ,
777 325 810 355 &
827 333 878 361 pro
895 321 1095 360 Primogenrto
1109 319 1236 362 Haerede

171 377 207 407 &
227 371 394 404 Successore
406 393 416 406 ,
442 377 509 398 nato
524 390 534 405 ,
559 368 605 397 seu
619 366 772 401 nascituro,
792 363 917 401 Regno,
931 359 1047 397 Terris,
1065 361 1098 390 ὃς
1113 357 1236 388 Subdins

172 414 224 444 suis
241 411 285 448 (ad
302 419 373 447 quos
386 407 615 444 primogenitos,
634 402 786 444 Haeredes,
805 401 838 431 &
852 399 1048 436 Successor-es,
1067 398 1135 427 hinc
1150 396 1236 432 inde,

174 452 257 489 Ligas
275 450 308 479 &
331 445 603 477 confoederationes
622 441 782 477 hujusmodi
795 438 908 469 emendi
922 438 1073 474 volumus,
1092 437 1124 466 &
1139 443 1236 464 exten-

172 488 275 522 dimus)
297 495 357 522 quo
375 485 454 522 supra
475 482 630 518 Nomine,
654 479 739 509 Ratas
754 480 786 509 ὃς
801 477 902 508 Gratas
917 477 1068 513 habentes,
1084 485 1128 503 eas
1141 474 1172 503 ὅ(
1189 483 1238 509 ea,

171 528 289 557 Tenore
306 523 507 559 Praesentium,
525 518 740 550 Confirmamus
754 527 761 546 t
789 516 969 555 Excipientes
981 523 1075 556 tamen
1090 514 1125 542 ab
1141 513 1237 549 hujus-

172 564 254 596 modi
277 563 399 593 Foedere
415 585 423 598 ,
445 569 514 591 cum
537 558 647 589 caeteris
666 557 731 586 alias
753 556 877 592 exceptis
892 577 902 592 ,
929 556 1139 588 Wincelanum,
1158 559 1236 593 nun-c

172 607 352 634 Romanorum
366 603 478 637 Regem,
500 597 586 627 Loco
601 594 744 626 deffund‘fi
758 593 855 623 Karoli
864 616 873 631 ,
892 595 1091 629 Romanorum,
1109 589 1180 618 dum
1194 598 1237 617 vi-

172 649 251 673 veret
261 664 270 679 ,
292 644 464 678 Imperatorts
475 659 485 674 ,
502 635 592 666 Patris
614 634 668 672 sui,
685 634 733 672 qui
746 640 879 670 exceptus
894 631 982 661 fuerat
997 630 1028 658 in
1042 627 1237 659 eonfoedera-

172 680 298 711 tionibus
315 678 487 708 memoratis.

209 718 283 749 Sane
296 740 306 755 ,
332 717 397 753 quia
419 716 447 744 in
467 712 570 745 eisdem
592 709 897 742 Confoederationibus
919 714 1032 737 cavetur
1046 704 1173 743 expresse
1187 703 1238 746 de?

171 756 307 788 funtfmm
330 757 441 784 Petrum
456 775 465 790 ,
490 752 539 789 qui
552 750 626 782 dum
638 750 764 787 viveret,
782 748 809 778 se
822 750 918 785 Regem
930 744 1053 785 Castellae
1068 744 1195 779 dicebat,
1217 748 1236 772 ii

170 794 452 834 quomodocumque
473 789 583 828 Captus
607 787 698 818 fuisset
721 789 750 816 in
771 786 884 817 Guerra
898 810 908 823 ,
935 785 1004 814 dicti
1022 783 1146 813 Domini
1160 784 1238 817 Regis

171 836 285 864 Henrici
298 840 346 862 aut
358 831 399 861 sui
411 828 600 867 Primogeniti
612 825 771 863 Captivum
783 825 909 855 debuisse
922 824 1011 855 teneri
1026 845 1035 860 ,
1063 820 1168 851 nostrae
1190 820 1237 850 In-

170 872 303 904 tentionis
324 869 415 901 existit
429 891 438 906 ,
455 868 569 905 hocque
584 865 730 895 Dominus
745 862 864 893 Karalus
880 863 945 892 Rex
961 861 1086 891 Franciae
1098 860 1188 890 voluit
1203 860 1236 889 «Sc

172 910 339 945 consentiit,
358 908 456 947 quod,
474 906 493 936 si
505 906 651 943 contingat
666 906 767 932 Ducem
782 900 949 941 Lencastriae
965 923 974 937 ,
994 900 1040 937 qui
1055 908 1132 928 nunc
1139 899 1170 937 se
1185 900 1238 926 Re-

168 961 228 988 gem
237 947 359 988 Castellae
373 947 520 983 nominat,
535 945 565 974 in
573 942 685 972 Guerra
699 940 977 979 quomodocumque
989 937 1071 974 capi,
1083 937 1161 967 idem
1168 939 1237 965 Dux

173 987 339 1028 Lencastriae
355 985 494 1016 efficiatur
509 982 578 1013 dieti
589 980 714 1011 Domini
727 983 804 1016 Regis
819 977 940 1018 Castellae
955 975 991 1010 ce}
1001 979 1143 1012 Legionis,
1162 974 1239 1005 suive

172 1027 304 1066 praedicti
316 1022 505 1061 primogeniti
521 1022 554 1052 δεῖ
568 1019 719 1057 Haeredis‚
737 1018 891 1055 Captivus,
911 1016 1052 1052 ponitque
1065 1014 1156 1043 didius
1174 1013 1239 1042 Do-

173 1068 268 1097 minus
283 1064 377 1095 nostcr
393 1065 470 1098 Rex,
488 1060 533 1090 vel
548 1059 608 1088 suus
622 1057 772 1096 praedietus
789 1056 1000 1091 primogenitus
1017 1053 1049 1082 δε
1068 1052 1186 1088 Haeres,
1202 1051 1238 1081 de

174 1104 279 1135 eodem
304 1106 378 1132 Duce
395 1123 405 1139 ,
430 1107 516 1137 prout
532 1097 568 1128 de
591 1096 671 1127 dieto
691 1094 842 1125 deffunc'to
867 1096 962 1129 Petro,
979 1093 1082 1121 virtute
1099 1091 1238 1120 dieiarum

175 1142 485 1176 Confoederationum,
503 1134 659 1175 potuisset,
683 1133 814 1164 ordinare
834 1132 889 1163 suae
905 1131 1064 1162 Voluntatis
1076 1129 1239 1167 sseneplaci-

191 1191 254 1212 um·

177 1191 189 1213 t
213 1205 360 1250 Pr'azdistis
381 1213 682 1246 confoederationibus
697 1235 706 1250 ,
725 1209 818 1249 quoad
831 1210 900 1240 alios
910 1232 920 1247 ,
935 1209 971 1239 de
986 1207 1128 1246 Sanguine
1141 1205 1244 1244 Regali

176 1258 305 1297 Angliae,
322 1256 370 1294 qui
384 1279 394 1292 ,
416 1255 446 1284 in
466 1252 540 1283 Casu
561 1251 616 1281 suae
639 1250 787 1288 Captionis
802 1271 812 1286 ,
837 1249 943 1279 debent
959 1247 1016 1277 ell'e
1028 1246 1098 1276 dieti
1113 1244 1239 1275 Domini

176 1297 268 1334 Regis
289 1296 466 1325 Francorum
479 1316 488 1329 ,
513 1291 589 1321 suive
603 1289 789 1327 primogeniti
803 1288 836 1318 δε
853 1285 1036 1317 Success‘ores
1049 1283 1181 1321 Captivi,
1199 1284 1244 1313 in-

178 1336 257 1373 super
273 1335 306 1366 &
321 1331 416 1372 quoad
431 1331 498 1361 alios
513 1328 653 1359 universos
668 1328 701 1358 &
717 1326 841 1364 singulos
856 1324 1000 1356 Articulos
1015 1325 1044 1354 in
1057 1324 1095 1353 eis
1110 1331 1243 1360 compre-

179 1374 278 1405 hensos
293 1374 322 1403 in
338 1372 387 1402 suo
406 1370 530 1400 Robore
545 1367 688 1397 duraturis.

218 1413 297 1451 Qiae
317 1409 415 1441 omnia
436 1408 469 1439 &
490 1405 592 1445 singula
614 1404 748 1443 praedicta
770 1402 840 1434 Nos
853 1427 863 1441 ,
888 1404 985 1431 Petrus
1006 1401 1039 1432 ὅτ,
1062 1399 1219 1429 Fernandus
1233 1421 1243 1436 ,

180 1451 383 1482 Procuratores
397 1445 542 1485 praedicti,
561 1454 618 1482 quo
633 1443 710 1483 supra
726 1441 878 1478 Nomine,
893 1451 947 1478 pro
968 1440 1047 1470 dieto
1062 1441 1179 1468 Domino
1193 1448 1241 1467 no-

174 1489 234 1531 stro
248 1492 334 1526 Rege,
353 1489 386 1519 &
407 1495 459 1523 pro
481 1483 677 1521 primogenito
699 1480 825 1511 Haerede
844 1481 877 1511 &
893 1478 1077 1515 Successore,
1095 1486 1180 1514 nat0,
1197 1476 1242 1506 seu

182 1528 322 1559 nascituro
338 1550 348 1563 ,
369 1524 478 1563 Regnis
492 1546 502 1560 ,
519 1522 637 1559 Terris,
656 1521 689 1550 δε
703 1519 825 1549 Subditis
838 1519 905 1555 suis,
921 1517 1051 1556 juramus
1063 1519 1091 1546 in
1107 1517 1243 1545 Animam

182 1567 252 1598 disti
279 1564 404 1596 Domini
429 1560 519 1592 nostri
546 1559 636 1596 Regis
651 1583 660 1597 ,
693 1557 772 1595 super
790 1557 969 1593 Ymaginem
990 1555 1102 1586 Sanffi'tae
1124 1553 1245 1592 Crucis,

181 1605 283 1636 Taffis
297 1613 346 1642 per
358 1611 410 1632 nos
423 1598 610 1630 Sacrosanetis
624 1596 821 1634 Euvangeliis‚
839 1594 1094 1632 Promittimusque
1106 1591 1184 1624 bona
1197 1591 1219 1621 F
1221 1593 1244 1621 i-

184 1645 220 1675 de
234 1652 330 1674 tenere
352 1642 385 1672 ὃς
408 1639 497 1669 teneri
511 1662 521 1675 ,
544 1647 578 1667 ac
594 1661 603 1674 ,
626 1636 707 1666 omni
721 1634 828 1664 Fraude
844 1635 876 1666 ὅ(
892 1633 968 1663 malo
983 1632 1102 1669 Ingenio
1117 1630 1246 1661 cessanti-

186 1684 255 1720 bus,
273 1679 418 1717 adimpleri
432 1678 465 1708 &
481 1674 678 1706 inviolabiliter
689 1673 844 1711 observari,
864 1672 914 1703 sub
929 1671 1114 1710 obligatione
1128 1671 1160 1701 &
1175 1669 1245 1700 Ροε-

186 1723 228 1753 nis
242 1721 273 1750 in
285 1718 426 1758 praedietis
439 1715 539 1746 Litetis
553 1712 718 1751 expressatis.

208 1806 236 1833 θ*
263 1808 359 1842 T'enor
377 1801 449 1838 verb
472 1802 676 1881 Procuratokrii
698 1801 734 1836 (ῤ’
753 1795 910 1879 ἴοῐεβαιίε
928 1793 1024 1840 nistre
1036 1796 1178 1843 sequitur
1192 1799 1224 1829 in

649 1859 684 1880 ,τε
697 1859 751 1880 ver
771 1858 803 1880 a.

224 1950 263 1982 In
282 1948 350 1980 Dm
368 1945 517 1978 Noums
540 1944 654 1976 AMEN.

226 1988 373 2020 Noverint
395 1984 530 2017 Univerfi
544 2007 554 2023 ,
580 1984 726 2022 praesentes
756 1981 863 2013 Literas
891 1981 937 2013 seu
958 1981 1076 2021 praesens
1096 1979 1251 2012 Publicum

188 2027 413 2058 instrumentum
434 2023 583 2060 inspeeturi
599 2046 609 2060 ,
634 2021 732 2061 quod,
753 2022 841 2052 Anno
854 2031 870 2051 a
881 2022 916 2052 N
918 2022 1039 2052 ativitate
1050 2020 1172 2059 ejusdem
1186 2019 1253 2050 Do-

191 2067 264 2096 mini
279 2064 450 2101 Millelimo,
468 2061 701 2099 Trecentefimo,
718 2060 926 2099 Oetogesimoz
946 2059 1107 2090 Indisstione
1123 2058 1251 2097 Qiarta:

191 2103 250 2134 Die
263 2105 333 2135 vero
349 2101 461 2132 decimi.
474 2099 578 2131 octava
592 2099 700 2130 Mensis
716 2098 889 2130 Decembris
902 2123 912 2139 ‚
929 2098 1109 2129 Constitutus
1123 2098 1253 2136 persona-

188 2142 251 2174 liter
265 2167 275 2180 ,
299 2139 491 2171 Sereniffimus
515 2138 649 2176 Princeps
667 2139 700 2170 &
721 2137 866 2169 Dominus
879 2161 890 2177 ,
923 2137 1069 2168 Dominus
1085 2136 1231 2176 Johannes
1243 2158 1253 2174 ,

191 2180 251 2212 Dei
268 2179 384 2217 Gratia,
403 2176 525 2218 Castellae
541 2177 579 2212 ὠ·
594 2180 719 2215 Legionis
734 2179 812 2215 Rex,

229 2219 284 2250 Me
298 2222 377 2248 Petro
392 2217 528 2246 Fernandi
542 2215 663 2246 Publico
676 2215 803 2246 Notario
820 2215 854 2246 &
868 2213 1004 2245 Testibus
1019 2213 1195 2253 infrascriptis
1203 2223 1256 2244 co-

191 2268 252 2303 ram
267 2258 305 2289 sui
318 2256 464 2288 PtaesentIa
478 2254 657 2286 existentibus
665 2276 675 2292 ,
692 2255 725 2286 &
739 2254 773 2286 ad
787 2253 957 2292 infrascripta
978 2253 1128 2291 specialiter
1142 2262 1256 2285 convo·-

192 2306 278 2335 catis,

230 2336 327 2374 Fecit,
344 2333 506 2371 constituit,
524 2342 557 2369 ac
572 2333 654 2362 etiam
669 2330 826 2369 ordinavit,
844 2330 910 2362 facit
924 2354 933 2369 ‚
952 2330 1114 2368 constituit,
1129 2331 1163 2362 &
1177 2329 1255 2361 ordi-

193 2383 254 2414 nat,
273 2375 406 2404 omnibus
422 2372 584 2403 melioribus
598 2369 695 2400 Modo
706 2395 715 2407 ,
729 2369 785 2400 Via
799 2371 830 2400 ὃ(
846 2369 949 2400 Formi
963 2370 1064 2407 quibus
1080 2369 1134 2407 de]
1141 2380 1189 2399 ure
1205 2379 1257 2407 po-

193 2415 245 2446 tuit
259 2414 291 2444 &
305 2413 402 2444 debuit
415 2434 425 2448 ,
447 2411 509 2441 suos
529 2419 627 2447 veros,
646 2418 754 2446 cert05‚
769 2408 929 2446 legitimos,
946 2409 979 2439 &
995 2407 1166 2438 indubitatos
1181 2407 1257 2438 Pro-

196 2461 356 2489 curatores,
376 2450 514 2487 Adtores,
532 2448 680 2485 huores,
698 2447 901 2484 Negotiorum
919 2446 1034 2477 suorum
1051 2445 1205 2485 Gestores,
1223 2446 1256 2477 δε

194 2490 328 2521 Nuncios
350 2489 478 2527 speciales
494 2510 503 2525 ,
525 2488 558 2518 ὃ(
582 2487 794 2517 Ambaxiatores
816 2485 971 2523 (videlicet)
995 2484 1140 2515 Nobilem
1155 2485 1258 2515 Virum

196 2531 309 2558 Petrum
334 2531 407 2566 Lupy
427 2527 457 2556 de
477 2525 573 2564 Ayala
591 2525 715 2555 Militem
728 2524 762 2555 &
776 2523 959 2554 Vexillarium
973 2523 1042 2554 dieti
1058 2522 1181 2553 Domini
1196 2522 1259 2553 Re-

197 2568 239 2606 gis
256 2566 462 2596 Constituenris
477 2575 509 2595 ac
524 2564 605 2594 suum
619 2562 770 2593 Praefidem
785 2564 814 2592 in
828 2561 969 2600 Guipusta
982 2585 992 2601 ,
1010 2563 1043 2594 δε
1060 2561 1259 2592 Venerabilem

197 2615 232 2636 ac
251 2603 499 2641 circumspectum
522 2603 625 2632 Virum
650 2601 814 2631 Dominum
828 2601 1002 2630 fernandum
1015 2599 1130 2640 Alfonsi
1143 2600 1187 2630 del
1201 2599 1260 2630 Al-

197 2655 272 2682 gana
286 2642 481 2673 Decretorum
496 2640 662 2670 Do&orem
678 2640 710 2669 &
725 2638 861 2669 Ecclefiae
877 2639 1023 2676 Burgensis
1038 2638 1208 2675 Decanum,
1225 2640 1259 2670 &

199 2682 359 2720 quemlibet
379 2689 478 2710 eorum
501 2679 528 2708 in
549 2677 668 2708 solidum
691 2701 701 2714 ,
720 2677 756 2706 ita
769 2677 850 2714 quod
872 2688 932 2707 non
956 2677 987 2707 sit
1003 2678 1104 2708 melior
1119 2676 1261 2708 Conditio

200 2721 395 2758 Occupantis,
411 2719 456 2748 sed
473 2716 551 2755 quod
566 2726 636 2747 unus
650 2725 752 2746 eorum
764 2716 915 2753 inceperit,
933 2715 997 2746 alter
1013 2716 1140 2754 prosequi
1155 2716 1262 2746 media-

200 2770 231 2791 re
248 2760 335 2789 valcat
348 2758 381 2789 δε
397 2756 489 2786 finire:

236 2798 352 2836 Quibus
363 2794 500 2826 concessit
513 2794 625 2832 plenam
641 2793 804 2824 &liberam
817 2791 991 2823 Potestatem
1001 2815 1010 2830 ,
1029 2802 1062 2822 ac
1080 2791 1263 2831 Mandatum,

202 2835 384 2868 Ratifficandi
399 2859 408 2873 ,
434 2833 594 2864 Innovandi
610 2857 619 2870 ,
644 2833 678 2863 &
696 2832 836 2862 Firmandi
850 2841 950 2861 omnes
965 2832 997 2862 ὃς
1013 2831 1132 2869 singulos
1144 2830 1264 2861 Trasta-

203 2884 261 2912 ως,
280 2871 515 2909 Conventiones,
534 2870 619 2908 Ligas
629 2894 638 2909 ,
658 2869 745 2900 Pac‘ta
758 2894 766 2908 ,
781 2871 814 2901 ὃς
826 2869 1078 2907 Compositiones,
1093 2869 1140 2907 qui
1154 2870 1186 2898 &
1199 2879 1264 2907 quae

225 2914 286 2944 oliti
299 2911 465 2944 concordati
478 2913 511 2943 ὃς
523 2910 625 2940 firmati
640 2910 753 2939 fuerunt
767 2910 846 2946 alias,
863 2909 895 2939 δε
909 2909 970 2938 sunt
986 2906 1265 2938 interillustriffimos

231 2953 351 2989 rincipes
363 2952 394 2981 ὅ(
411 2950 560 2980 Dominos
575 2948 728 2986 (videlicet)
747 2946 915 2977 Dominum
934 2946 1086 2984 Karolum,
1105 2945 1191 2975 bonae
1204 2955 1266 2976 mc-

205 2992 323 3028 moriae,
341 2990 411 3019 olim
424 2993 587 3017 Francorum
600 2989 694 3024 Regem
709 2995 743 3016 ex
764 2996 819 3016 una
834 2985 915 3015 Parte
931 3008 940 3023 ,
955 2986 988 3016 &
1007 2985 1171 3015 Dominum
1189 2986 1266 3013 Hen-

205 3034 306 3067 risum,
324 3027 445 3066 ejusdem
466 3027 614 3056 memoriae
630 3049 639 3062 ,
660 3024 804 3063 quondam
819 3027 914 3061 Regem
927 3023 1049 3062 Castellae
1065 3021 1103 3058 ό·
1121 3025 1248 3060 Legionis
1258 3045 1267 3061 ,

206 3068 320 3098 Patrem
333 3066 402 3096 dieii
418 3066 541 3096 Domini
560 3064 647 3104 Regis
666 3063 880 3099 constituentis,
898 3071 931 3092 ex
946 3063 1044 3098 altera,
1064 3071 1116 3099 pro
1129 3060 1182 3098 Se,
1201 3061 1267 3091 suis-

229 3117 262 3136 ue
284 3106 359 3136 Filiis
378 3103 586 3139 Promogenitis
600 3127 609 3140 ,
628 3103 696 3132 natis
711 3122 721 3139 ,
740 3102 785 3132 vei
799 3101 956 3139 nascituris,
975 3110 1074 3131 contra
1090 3099 1268 3137 quascunque

205 3117 342 3177 Personas
359 3153 423 3182 quae
436 3142 549 3181 possunt
564 3143 660 3171 vivere
675 3142 707 3171 ὃς
723 3142 814 3177 mori,
829 3140 1031 3177 cujuscumque
1044 3137 1154 3175 Status,
1173 3136 1267 3167 Praee-

208 3185 369 3219 minentiae,
388 3183 445 3212 sive
462 3180 613 3219 Dignitatis
634 3179 752 3210 existant
764 3202 774 3217 ,
791 3179 896 3209 etiarnsi
912 3178 1028 3215 Regalis
1043 3177 1126 3208 fuerit
1140 3184 1186 3206 aut
1200 3175 1267 3213 alia,

208 3223 259 3254 sub
274 3221 537 3256 Declarationibus,
556 3218 795 3255 Conditionibus,
811 3226 844 3247 ac
861 3216 974 3253 Modo,
989 3217 1022 3247 ὃς
1037 3215 1268 3252 Forma,quibus

208 3261 294 3291 didiae
314 3260 396 3297 Ligae
418 3260 451 3290 &
473 3256 742 3288 Confoederationes
765 3257 837 3285 inter
858 3255 951 3285 dit-ios
972 3255 1134 3292 Principes,
1148 3262 1201 3292 pro
1215 3252 1269 3290 Se,

209 3301 244 3331 &
257 3300 308 3330 suis
322 3297 461 3337 praedietis
475 3296 673 3333 Primogenitis
686 3317 696 3332 ,
712 3294 776 3324 alias
789 3293 870 3324 faeiae
884 3294 987 3324 fuerint
999 3317 1009 3331 ,
1031 3294 1064 3324 &
1077 3299 1161 3330 prout
1174 3292 1203 3321 in
1221 3291 1270 3320 Li-

211 3339 292 3375 teris,
310 3338 388 3375 supet
404 3337 462 3366 hoc
475 3335 631 3371 confec'iis,
648 3333 756 3371 plenius
770 3333 948 3370 continetur,

250 3376 447 3414 Firmandique
461 3373 548 3404 dietas
564 3372 646 3409 Ligas
658 3372 691 3403 δε
706 3370 974 3401 Confoederationes
988 3380 1036 3408 per
1047 3369 1270 3406 Sacramentum,

212 3418 243 3447 in
258 3415 394 3445 Animam
407 3413 477 3444 ἀίξὶί
491 3412 614 3442 Domini
628 3409 717 3448 Regis
731 3409 925 3440 constituentis
942 3432 951 3447 ,
967 3409 1000 3439 &
1015 3406 1163 3446 praestandi
1178 3407 1270 3443 quod-

213 3463 338 3492 cumque
360 3452 433 3482 aliud
450 3450 650 3490 juramentum
664 3451 738 3479 circa
753 3446 891 3485 praemiffa
904 3447 937 3477 &
953 3447 1100 3485 quodlibet
1112 3444 1270 3483 praemiffo-

213 3503 278 3525 rum
294 3491 477 3522 neceffarium
491 3489 535 3519 seu
548 3489 633 3519 etiam
645 3494 856 3524 opportunum,

253 3530 290 3561 Et
304 3529 457 3568 Obligandi
470 3528 568 3558 omnia
584 3526 662 3556 Bona
677 3525 797 3561 Regalia
812 3522 918 3563 praefati
927 3522 1051 3554 Domini
1065 3523 1094 3554 R
1132 3522 1138 3528 '
1164 3520 1273 3551 consti-

215 3570 317 3600 tuentis
331 3593 341 3607 ,
363 3577 433 3598 curn
455 3566 556 3596 Pcenae
577 3564 622 3595 seu
645 3564 800 3594 Poenarum
816 3562 985 3601 Adjeetione
1001 3585 1010 3600 ,
1035 3562 1081 3593 vel
1124 3560 1206 3591 terius
1220 3569 1271 3590 cu-

213 3608 366 3645 juscunque
381 3604 623 3642 Compositionis,

256 3645 293 3675 Et
313 3643 449 3675 Solvendi
468 3643 603 3679 Sumptus
624 3641 658 3672 ὅ(
675 3640 828 3678 Expenss'as
843 3663 852 3678 ,
874 3638 1009 3678 Dampna
1030 3640 1063 3670 &
1085 3635 1232 3673 Interesse,
1251 3636 1270 3667 fi

218 3683 352 3714 defecerit
370 3684 397 3712 in
419 3683 470 3712 hiis
489 3690 554 3718 quae
567 3689 617 3717 per
632 3679 761 3717 praefatos
776 3679 978 3709 Procuratores
992 3678 1054 3708 suos
1066 3674 1226 3707 Ratifficata
1238 3675 1272 3705 &

219 3720 354 3752 Innovata
370 3721 473 3751 fuerint
486 3729 519 3749 ac
533 3718 668 3748 Firmata:

258 3758 390 3796 Dansque
410 3759 495 3789 etiam
510 3781 520 3794 ‚
544 3756 654 3793 insuper
667 3779 677 3792 ,
701 3754 865 3792 faepedidlms
884 3757 1016 3783 Dominus
1037 3756 1097 3783 Rex
1117 3749 1274 3792 constituens

218 3796 357 3832 praedietis
377 3797 428 3827 suis
446 3795 682 3826 procuratoribus
705 3793 819 3830 plenam
840 3794 873 3823 &
895 3792 1012 3823 liberam
1027 3791 1221 3828 Potestatem,
1240 3790 1273 3820 δε

220 3834 336 3870 speciale
357 3834 523 3864 Mandatum
537 3858 546 3871 ,
571 3832 734 3873 generaliter
752 3831 850 3861 omnia
868 3830 918 3860 alia
939 3832 973 3861 δε
990 3830 1090 3869 singula
1102 3828 1275 3867 Tradiandi,

220 3871 442 3909 Concordandi,
460 3874 493 3903 &
506 3870 648 3902 Firmandi
663 3879 727 3908 quae
740 3871 770 3898 in
783 3868 949 3906 Praemiffis,
965 3869 998 3900 &
1017 3871 1092 3899 circa
1113 3865 1276 3904 Praemiffa,

220 3911 255 3940 ὃ(
278 3908 425 3946 quodlibet
443 3909 657 3940 Praemissorum
671 3932 681 3948 ,
706 3908 810 3938 fuerint
822 3906 970 3936 necessaria
985 3907 1030 3937 seu
1046 3907 1131 3937 etiam
1148 3914 1275 3942 quomo-

220 3948 330 3977 dolibet
349 3956 507 3983 opportuna
520 3971 529 3985 ,
551 3949 634 3978 etiam
655 3948 675 3978 si
694 3947 755 3978 talia
777 3945 830 3975 sint
845 3945 892 3974 vel
905 3946 1011 3983 majora
1043 3955 1087 3975 uae
1104 3942 1275 3973 Mandatum

220 3987 336 4025 exigant
350 3985 481 4023 speciale,
499 3987 531 4018 ὃς
548 3995 611 4024 quae
624 3985 701 4017 idem
715 3983 863 4016 Dominus
877 3982 943 4015 Rex
962 3993 1021 4015 con
1048 3984 1135 4014 'tuens
1155 3981 1277 4029 faceret,

671 78 1466 128 CONVENTIONES,
1513 77 1902 125 LITERAE,

390 178 466 209 mine
479 174 684 207 Procuratorio
703 171 774 203 dieti
790 171 922 203 >Domini
937 167 1026 198 nostri
1039 169 1116 203 Regis
1130 163 1232 205 Castel-
1269 163 1303 194 ὃς
1316 162 1410 193 facere
1424 162 1532 201 poffet,
1549 163 1568 193 fi
1583 162 1736 193 Praemiffis
1749 186 1759 200 ,
1785 162 1818 192 ὃ(
1833 171 1936 192 eorum
1951 161 2082 200 cuilibet,
2101 160 2280 202 personaliter
2294 163 2338 193 in·
2354 154 2430 189 Ann-
2442 156 2488 197 Da

1269 200 1380 232 teresset

1306 225 1498 283 Proniifirque
1517 239 1606 270 michi
1621 262 1631 277 ,
1656 238 1780 269 Publico
1791 237 1919 267 Notario
1932 237 2125 278 infrascripto,
2144 239 2334 279 stipulanti&

1268 279 1413 317 reeipienti
1428 277 1502 308 Vice
1523 278 1556 308 δε
1574 276 1709 307 Nomine
1723 285 1847 314 quorum
1867 275 1995 314 interest,
2012 278 2058 308 vel
2071 279 2195 310 intererit
2209 289 2336 317 quomo-

1269 317 1378 347 dolibet
1397 318 1427 347 in
1450 317 1589 347 Futurum
1605 340 1615 354 ,
1637 315 1663 346 se
1684 315 1792 346 Rarum
1807 337 1817 352 ,
1842 313 1986 352 Gratum,
2003 315 2037 344 &
2051 316 2182 348 Firmum
2196 327 2334 356 perpetuo

1268 355 1431 386 habiturum
1447 364 1542 386 totum
1563 356 1597 386 &
1617 353 1754 392 quicquid
1768 375 1777 391 ,
1797 353 1876 390 super
1890 351 2059 392 Praemiffis,
2076 356 2110 386 &
2123 367 2223 387 eorum
2241 356 2334 394 quoli-

1270 394 1334 431 bet,
1354 404 1403 432 per
1416 394 1587 432 supradiftos
1601 393 1802 422 Procuratores
1818 391 1879 421 suos
1889 414 1899 429 ,
1917 391 1962 420 vel
1977 400 2077 420 eorum
2097 394 2214 426 alterum
2224 418 2233 433 ,
2250 396 2333 425 fuerit

1271 431 1413 470 Fastum,
1432 432 1648 469 Ratifficatutn,
1667 430 1856 468 innovatum,
1876 431 1908 460 ὃ(
1927 429 2101 468 Firmatum,
2117 432 2167 463 sub
2179 433 2337 472 Ypotheca

1271 472 1305 502 &
1323 470 1512 509 obligatione,
1520 472 1654 502 omnium
1669 469 1819 500 Bonorum
1833 469 1957 498 suorum.

1308 509 1344 538 1n
1360 519 1484 546 quorum
1501 510 1633 540 omnium
1651 506 1866 538 Testimonium
1879 507 1954 536 idern
1964 509 2096 536 Dominus
2104 510 2163 537 Rex
2178 510 2333 550 constituens

1275 546 1419 577 mandavit
1438 548 1471 578 &
1492 549 1570 586 petiit
1584 547 1650 576 inde
1664 546 1723 576 fieri
1737 547 1783 577 seu
1797 545 1902 576 confici
1915 545 2059 582 praesentes
2075 545 2195 586 Literas,
2210 549 2332 580 reda<stas

1271 587 1299 629 in
1316 586 1455 615 Formam
1468 586 1580 615 Publici
1603 584 1784 615 instrumenti
1797 609 1806 622 ,
1824 584 1906 623 ipsius
1920 583 2044 614 Domini
2059 583 2146 622 Regis
2159 586 2334 618 constituen-

1272 632 1305 653 tis
1322 624 1436 669 propria
1456 623 1552 655 Manu
1572 623 1732 660 subscriptas
1745 646 1755 662 ,
1780 624 1890 661 ejusque
1907 624 2015 660 proprii
2037 623 2125 662 Sigini
2137 625 2336 664 Appendentia

1273 672 1403 693 munitas.

1313 739 1387 770 A&a
1401 739 1513 771 fuerunt
1527 739 1609 777 haec,
1628 738 1702 777 apud
1720 736 1863 770 Metinam
1877 736 1922 768 del
1938 737 2071 777 Campo,
2089 740 2118 769 in
2133 738 2256 771 Can-‚era
2269 740 2339 772 disti

1274 777 1399 809 Domini
1421 779 1508 818 Regis
1531 778 1729 809 constituentis
1743 802 1752 815 ,
1782 777 1890 813 Anno,
1918 776 2104 814 indictione,
2121 777 2197 816 Die,
2217 779 2338 818 Mense,

1273 819 1386 886 ἓυῑϋυέ
1390 817 1483 857 supra,
1503 817 1654 857 Regnante
1665 816 1744 847 dieto
1759 815 1893 846 Domino
1909 814 1993 854 Rege
2013 814 2205 848 constituente
2219 841 2229 856 ,
2249 819 2338 849 Anno

1296 866 1367 887 ecun
1388 867 1418 887 o.

1313 894 1516 933 Praesentibus,
1531 894 1690 924 Nobilibus
1710 893 1736 925 V
1739 894 1783 924 iris
1796 918 1806 932 ,
1829 892 1964 924 Domino
1979 895 2060 922 Petro
2074 893 2211 922 Fernandi
2231 894 2262 924 de
2275 895 2340 925 Bel-

1275 932 1343 972 lasco
1359 934 1428 965 dieii
1442 935 1460 953 ³*
1479 934 1603 964 Domini
1625 932 1713 969 Regis
1734 933 1829 970 primo
1843 930 2027 970 Camerario,
2046 941 2078 962 ac
2096 933 2237 962 Fernando
2251 935 2340 963 Sancii

1273 973 1305 1001 de
1325 975 1415 1002 Tonas·
1439 971 1596 1002 Admirallo
1610 970 1742 1013 Castellae
1753 995 1762 1008 ,
1782 971 1815 1000 ὃς
1836 972 1919 1000 Dioto
1935 974 2009 1008 Lupi
2021 970 2057 1000 de
2069 970 2213 1011 Astimega
2228 970 2341 1010 Milite,

1275 1010 1411 1042 Testibus
1427 1012 1461 1042 ad
1476 1009 1624 1041 Praemiila
1638 1010 1747 1041 vocatis
1759 1008 1910 1048 specialiter
1923 1010 1955 1041 δε
1970 1011 2079 1048 rogatis.

1316 1087 1353 1118 Et
1372 1097 1427 1128 ego
1448 1090 1547 1118 Petrus
1567 1087 1704 1116 Fernandi
1726 1085 1856 1117 Clericus
1869 1086 1994 1124 Vingen.
2012 1086 2148 1118 Publicus
2163 1087 2341 1119 Audiorirate

1278 1126 1433 1165 Notarius,
1452 1128 1501 1165 qui
1516 1125 1667 1156 Praemiffis
1681 1126 1814 1155 omnibus
1829 1126 1862 1156 &
1879 1125 1988 1164 singulis
2002 1126 2162 1164 supradietis
2173 1150 2183 1165 ,
2202 1127 2273 1157 dum
2286 1128 2340 1165 iic,

1278 1174 1309 1195 ut
1325 1166 1516 1203 praemittitur,
1535 1173 1682 1204 agerentur
1697 1165 1730 1195 ἃ
1745 1163 1843 1194 fierent
1858 1188 1867 1201 ,
1891 1166 1947 1194 una
1971 1173 2040 1194 curn
2059 1167 2267 1202 praenominatis
2279 1165 2341 1196 Te-

1281 1204 1367 1248 strbus
1401 1205 1519 1242 praesens
1535 1204 1664 1241 interfui,
1679 1203 1711 1233 &
1727 1202 1762 1232 de
1780 1201 1920 1233 Mandato
1935 1204 1968 1234 &
1984 1203 2180 1240 Requifitione
2191 1204 2261 1234 dieti
2275 1204 2343 1235 Do-

1280 1244 1351 1272 mini
1374 1229 1464 1281 Reqis
1487 1241 1681 1273 constituentis
1701 1242 1773 1271 hanc
1789 1241 1914 1272 Literam
1928 1241 2155 1272 Procurator-iam
2171 1240 2263 1272 Manu
2278 1243 2343 1274 mea

1279 1267 1506 1325 prop1·iascripli
1521 1305 1529 1318 ,
1554 1281 1587 1311 δε
1611 1282 1640 1310 in
1661 1280 1734 1311 hanc
1755 1279 1904 1310 Publicam
1920 1280 2054 1310 Formam
2069 1280 2180 1319 redegi,
2198 1280 2344 1319 Signooue

1279 1330 1347 1350 meo
1360 1320 1442 1350 solito
1463 1321 1495 1350 &
1517 1319 1672 1356 consueto,
1692 1319 1747 1349 una
1761 1328 1829 1348 cum
1845 1319 2026 1357 Appensione
2039 1318 2146 1357 Sigilli,
2164 1320 2196 1349 ὅ(
2209 1319 2344 1350 Robora-

1279 1361 1358 1389 tione
1374 1358 1514 1389 Nominis
1526 1359 1592 1388 dieti
1611 1357 1734 1387 Domini
1750 1356 1837 1396 Regis
1850 1357 2062 1394 constituentis,
2082 1357 2185 1397 signavi
2200 1357 2343 1397 Rogatus,

1279 1399 1308 1428 in
1320 1397 1536 1429 Testimonium
1550 1396 1784 1434 Praemissorum,
1804 1397 1903 1434 pariter
1919 1397 1952 1427 ὃς
1968 1395 2138 1433 Requisitus.

1277 1515 1296 1545 S
1315 1474 1400 1512 Nos,
1405 1476 1468 1519 &a
1483 1473 1520 1504 de
1536 1472 1676 1504 Mandato
1691 1472 1838 1512 Regis‚in
1854 1473 1904 1503 suo
1915 1472 2051 1503 Concilio
2063 1495 2073 1511 ,
2093 1475 2190 1503 Petrus
2204 1474 2343 1504 Fernandi

1298 1523 1452 1545 ecretal‘lus.

1320 1552 1352 1582 In
1366 1561 1488 1591 quorum
1499 1550 1713 1582 Testimonium
1728 1549 1875 1588 praesentes
1888 1550 1993 1581 Literas
2005 1549 2167 1580 nostrorum
2176 1550 2343 1588 Sigillorum

1280 1592 1400 1622 fecimus
1416 1590 1598 1628 Appensione
1610 1590 1724 1619 muniri.

1318 1630 1427 1660 Datum
1447 1629 1521 1666 apud
1543 1626 1718 1658 ancestre
1737 1636 1827 1665 prope
1850 1625 1967 1657 Parisius
1983 1650 1993 1665 ,
2015 1626 2060 1657 die
2079 1626 2212 1658 vicesima
2224 1627 2345 1658 secundi

1281 1669 1384 1707 Aprilis
1399 1691 1408 1706 ,
1434 1666 1498 1705 post
1521 1659 1602 1710 Pasca
1616 1690 1626 1704 ,
1653 1666 1742 1695 Anno
1759 1664 1886 1696 Domini
1908 1665 2064 1696 Millelimo
2077 1689 2088 1704 ,
2110 1666 2346 1705 Trecentesimo,

1280 1706 1487 1747 Ocluagesimo
1501 1704 1610 1735 Primo.

1452 1836 1511 1866 Pro
1529 1832 1685 1865 Colleffiore
1700 1829 1821 1865 Urbani
1840 1834 1923 1878 Papae
1940 1835 1970 1863 in
1989 1832 2174 1877 Aquitania.

2374 198 2460 235 1381.
2481 216 2489 222 .

2353 236 2406 263 Ric.
2424 246 2451 265 2.

2358 932 2377 952 ²¹⁵
2396 935 2464 961 Vll.
2488 944 2499 956 ‘-

2358 973 2422 1006 237.

1286 1921 1414 1983 REX
1441 1919 1591 1953 Universis
1604 1919 1637 1950 &
1654 1918 1765 1956 singulis
1780 1917 1918 1948 Dominis
1931 1942 1940 1955 ,
1961 1916 2157 1956 Magnatibus‚
2176 1917 2209 1948 δε
2221 1917 2352 1948 Proceri·
2366 1911 2441 1943 Ann-
2452 1912 2496 1943 D-

1361 1963 1432 1999 bus,
1448 1962 1507 1991 tam
1519 1958 1654 1994 Clericis,
1672 1958 1758 1996 quam
1774 1957 1882 1994 Laicis,
1899 1957 1927 1986 in
1938 1955 2054 1987 Ducatu
2067 1956 2165 1986 nostro
2182 1956 2352 1997 Aquitaniae,
2387 1952 2472 1990 1381-

1288 2010 1321 2032 ac
1336 1999 1563 2039 quibuscumque
1583 1997 1739 2027 Officiariis
1759 1996 1791 2027 &
1809 1994 1965 2033 Ministris,
1984 2004 2098 2025 necnon
2115 1995 2238 2025 Subditis
2252 1996 2284 2026 &
2303 1995 2352 2026 Li-
2366 1994 2418 2019 An·
2435 2000 2464 2027 4-

1288 2041 1348 2077 geis
1361 2038 1463 2069 nostris
1477 2036 1600 2076 ejusdem
1614 2034 1762 2073 Ducatfis,
1781 2034 1816 2065 ad
1836 2043 1908 2072 quos
1927 2033 2074 2072 praesentes
2091 2033 2196 2065 Literae
2210 2043 2350 2072 pervene-
2366 2034 2397 2058 R.
2414 2039 2443 2057 ²·

1287 2080 1357 2117 rint,
1376 2077 1512 2109 Salutem.

1324 2117 1423 2148 Sciatis
1438 2114 1518 2154 quod
1528 2138 1538 2153 ,

2367 2068 2434 2105 Vasc.
2449 2076 2479 2103 4.

2365 2111 2396 2135 R.
2406 2116 2431 2135 2.
2440 2115 2478 2143 m.¹

1326 2156 1407 2187 Cum
1440 2153 1634 2186 Sanetiffimus
1647 2154 1678 2184 in
1692 2151 1809 2184 Christo
1822 2149 1922 2191 Pater,
1940 2151 2087 2183 Dominus
2099 2152 2225 2182 Urbanus
2241 2155 2398 2191 Sextu554·

1291 2194 1402 2226 Divina
1413 2181 1615 2230 Providentia,
1633 2192 1821 2223 sacrosanctae
1836 2192 1980 2222 Romanae
1999 2191 2134 2222 Ecclesiae
2154 2194 2273 2221 Summus
2285 2194 2359 2222 Pon—

1291 2233 1362 2272 tifex
1371 2257 1381 2273 ,
1395 2233 1532 2263 dileetum
1547 2231 1646 2268 nobis,
1668 2231 1839 2271 Magistrum
1852 2229 2011 2268 Johannem
2025 2231 2057 2259 de
2064 2233 2184 2268 Vergier,
2204 2229 2358 2261 Decanum

1295 2273 1392 2304 Sanffl
1408 2272 1505 2303 Severi
1525 2270 1559 2302 &
1580 2270 1764 2300 Canonicum
1780 2268 1914 2300 Ecclefiae
1930 2268 2028 2299 Sansti
2044 2268 2167 2299 Andreae
2181 2268 2360 2308 Burdegalae,

1293 2311 1457 2350 generalem
1472 2309 1668 2347 Receptorem
1685 2309 1718 2339 &
1734 2307 1933 2338 Collee‘torem
1950 2306 2081 2337 Camerae
2096 2306 2174 2338 Sedis
2183 2306 2359 2344 Apostolicae

1293 2353 1322 2381 in
1332 2351 1421 2419 {siffis
1434 2350 1557 2388 partibus
1572 2347 1754 2387 Aquitanniae
1770 2346 1867 2377 fecerit
1881 2347 1915 2378 &
1930 2345 2125 2383 constituerit,
2143 2354 2174 2376 ut
2187 2347 2360 2384 accepimus,

1367 2400 1400 2420 os

1331 2428 1359 2458 V
1361 2414 1485 2466 oleiites,
1503 2427 1543 2457 ob
1557 2425 1760 2456 Reverentiam
1775 2423 1861 2454 dieta:
1876 2421 1955 2454 Sedis
1968 2432 2001 2453 ac
2015 2422 2146 2453 Personae
2160 2422 2240 2461 ipsius
2249 2425 2364 2453 Domini

1293 2467 1422 2504 Urbani,
1449 2476 1502 2504 pro
1525 2465 1634 2503 Qiete
1656 2465 1689 2495 δε
1711 2463 1865 2494 Securitate
1884 2461 2149 2500 praefatiJohannis
2165 2462 2194 2492 in
2207 2462 2362 2493 excercitio

1293 2506 1363 2536 dieti
1378 2505 1496 2543 Officii,
1513 2505 1634 2543 gratiose
1646 2501 1811 2540 providere,

1335 2544 1442 2583 Vobis,
1461 2545 1495 2575 &
1514 2542 1630 2572 cuilibet
1650 2539 1796 2578 vestrum,
1814 2540 1890 2578 injun
1913 2540 1985 2568 imus
1997 2539 2030 2569 &
2045 2539 2210 2569 mandamus
2227 2538 2306 2576 quod
2320 2539 2364 2576 ip-

1295 2584 1357 2614 sum
1371 2581 1548 2620 Johannem,
1567 2579 1722 2618 postquam
1735 2578 1841 2609 Literas
1858 2578 1886 2608 su
1922 2579 2026 2607 cientes
2037 2577 2119 2614 ipfius
2133 2576 2257 2606 Domini
2273 2577 2363 2606 Urba-

1297 2626 1344 2661 ni,
1363 2621 1537 2652 Potestatem
1556 2619 1711 2658 legitimam
1733 2618 1911 2647 continentes
1925 2640 1934 2653 ,
1959 2615 2041 2645 vobis
2063 2614 2217 2653 ostendet,
2234 2615 2268 2645 ad
2284 2614 2363 2644 Offi-

1297 2662 1375 2691 cium
1394 2660 1461 2691 illud
1479 2683 1488 2699 ,
1515 2659 1544 2688 in
1566 2657 1690 2696 partibus
1706 2655 1865 2694 praedietis,
1883 2654 2017 2685 Nomine
2032 2653 2102 2684 dieti
2117 2653 2241 2684 Domini
2255 2653 2362 2683 Urbani

1297 2702 1380 2737 Papae
1388 2722 1398 2738 ,
1415 2699 1561 2730 admittere
1575 2696 1676 2726 curetis
1685 2717 1694 2733 ,

1334 2738 1487 2777 Ipsumque
1501 2734 1661 2775 Johannem
1674 2733 1752 2763 idem
1767 2731 1910 2762 Officium
1933 2730 2038 2761 ibidem
2057 2731 2148 2761 facere
2165 2731 2197 2762 ὃ(
2212 2739 2363 2761 excercere

1299 2778 1464 2814 permittatis
1476 2801 1486 2815 ,
1505 2782 1590 2813 prout
1602 2780 1667 2802 ante
1679 2771 1741 2802 haec
1756 2779 1887 2809 tempora
1895 2793 1904 2808 ,
1923 2770 2099 2807 temporibus
2111 2769 2230 2799 aliorum
2243 2769 2367 2799 Sancto-

1300 2825 1364 2845 rum
1376 2815 1509 2852 Pati-um,
1528 2811 1635 2843 ibidem
1649 2810 1707 2841 fieri
1721 2811 1753 2841 δε
1767 2810 1858 2840 usitari
1872 2808 2034 2846 consuevrt,

1338 2853 1375 2884 Et
1387 2854 1476 2891 ipsum
1485 2877 1494 2892 ‚
1513 2853 1542 2881 in
1556 2850 1719 2881 Excercitio
1731 2848 1858 2886 praediffl
1872 2845 1991 2885 Officii,
2009 2847 2164 2877 nullatenus
2178 2845 2344 2884 perturbetis
2353 2868 2364 2882 ,

1301 2892 1339 2922 set
1353 2893 1379 2921 ei
1392 2891 1477 2930 inde,
1495 2897 1631 2928 quatenus
1642 2887 1785 2925 justitiam
1799 2887 1833 2917 δε
1847 2885 2044 2916 rationabilem
2051 2884 2296 2915 Consuetudinem
2309 2883 2363 2912 ufi-

1300 2938 1387 2999 tatfm
1401 2930 1568 2966 concernit,
1587 2926 1765 2957 Intendentes
1781 2925 1835 2956 sitis
1848 2925 1882 2955 &
1899 2922 2083 2953 Obedientes.

1351 2978 1369 2998 n
1385 2969 1464 3000 cu'us
1496 2969 1556 2999 ἃς.

1378 2978 1448 3038 DaJt.
1465 2993 1539 3045 {pud
1552 3001 1863 3038 Westmonasterium,
1877 2998 2014 3031 vicefimo
2030 2998 2138 3035 octavo
2151 2997 2200 3028 die
2214 2997 2326 3038 Aprilis.

1525 3084 1579 3111 Per
1593 3078 1738 3110 Concilium
1751 3077 1792 3107 ad
1802 3075 1964 3116 instantiam
1978 3073 2100 3114 Episcopi
2115 3072 2260 3114 Aquenfis.

1568 3208 1626 3240 Pro
1644 3203 1784 3252 Hostagio
1802 3206 1927 3238 Comitis
1943 3202 1979 3236 de
1996 3204 2106 3236 Denia.

1305 3293 1450 3352 RE-X,
1468 3303 1517 3337 per
1534 3292 1640 3335 Literas
1655 3290 1713 3321 suas
1725 3291 1870 3328 patentes,
1887 3288 1976 3326 usque
1993 3286 2108 3333 Pestum
2121 3286 2218 3318 Sansti
2234 3286 2367 3318 Michae-

1377 3334 1409 3363 hs
1422 3341 1552 3371 proximo
1567 3335 1708 3366 tuturum,
1725 3330 1883 3366 duraturas,
1895 3327 2011 3364 suscepit
2024 3336 2054 3356 m
2068 3326 2175 3356 salvum
2189 3326 2223 3356 &
2237 3326 2366 3357 securum

1303 3371 1494 3402 Conduetum
1516 3370 1597 3400 suum
1611 3391 1620 3407 ,
1641 3379 1674 3399 ac
1690 3370 1718 3398 in
1734 3367 1952 3399 protectionem
1965 3367 1999 3397 &
2014 3363 2222 3395 Defenfionem
2236 3364 2294 3396 suas
2305 3365 2322 3395 s
2336 3375 2365 3395 e-

2388 3289 2513 3323 Ann.D.

2407 3330 2492 3368 1381.

2385 3373 2439 3397 An.
2453 3378 2482 3403 4.

1304 3411 1402 3447 ciales‚
1419 3412 1531 3439 Petrum
1555 3406 1658 3437 March
1679 3406 1815 3437 Chivaler
1835 3405 1872 3436 de
1895 3404 2001 3443 Regno
2021 3403 2186 3442 Arragoniae
2201 3427 2212 3440 ,
2227 3412 2296 3434 curn
2331 3410 2365 3434 ex
2385 3412 2414 3435 R.
2436 3416 2462 3433 2.

1306 3448 1483 3479 Hominibus
1505 3449 1533 3477 in
1556 3445 1705 3476 Comitiva
1725 3444 1771 3475 sua
1786 3468 1796 3482 ‚
1815 3442 1959 3474 veniendo
1979 3443 2007 3471 in
2030 3440 2170 3479 Regnum
2186 3441 2313 3480 Angliae,
2332 3451 2365 3472 ac
2384 3449 2471 3473 franc.
2489 3454 2518 3479 4.

1306 3487 1482 3517 Dominium
1496 3486 1530 3517 &
1546 3484 1721 3515 Potestatern
1737 3483 1842 3521 Regis,
1860 3490 1914 3518 pro
1929 3479 2079 3511 Solutione
2098 3479 2240 3510 Financiae
2257 3479 2319 3510 Filii
2333 3479 2366 3510 si-
2385 3487 2414 3510 R.
2437 3493 2463 3511 2.
2481 3492 2517 3511 m.

1305 3536 1347 3569 ve.
1363 3524 1494 3564 Hostagii
1516 3526 1627 3553 Comitis
1647 3522 1679 3551 de
1691 3522 1785 3559 Dene,
1803 3518 1911 3550 ibidem
1926 3517 2084 3556 morando,
2100 3518 2134 3549 &
2147 3517 2181 3548 ad
2195 3525 2285 3556 partes
2298 3527 2367 3556 pro-

1305 3562 1622 3640 prsserggeffigg.apud
1634 3596 1943 3635 Westmonasterium,
1958 3594 2098 3664 vicesilmo
2104 3592 2365 3663 {mc-’sdieApfflss‘

2061 3645 2090 3664 er
2126 3643 2181 3663 onct
2192 3643 2254 3662 lum.

2391 3530 2433 3547 12.

2386 3709 2403 3728 ⁶
2414 3711 2483 3738 VH.

1308 3775 1329 3797 *
1353 3777 1411 3807 Pro
1439 3772 1619 3816 Przimiflao
1645 3774 1731 3805 Duce
1755 3768 1940 3814 ‘I‘esbhinenfi
1959 3771 1995 3806 ὠ·
2020 3767 2090 3799 aliis
2107 3762 2143 3795 de
2156 3761 2364 3806 Alemannia,
2386 3747 2463 3816 ,²223
2479 3784 2524 3816 DJ

1721 3818 1757 3852 de
1775 3820 1955 3851 Retinentia.
2409 3823 2494 3863 1381.

2387 3867 2441 3891 An.
2454 3872 2484 3897 4.

1314 3907 1370 3961 R
1381 3904 1446 3935 EX
1471 3905 1634 3942 Omnibus,
1651 3903 1686 3934 ad
1697 3912 1787 3944 quos,
1805 3904 1865 3935 &c.
1884 3900 2018 3932 Salutem.

2389 3906 2420 3929 R.
2440 3909 2465 3928 2.

1410 3943 1507 3974 Sciatis
1526 3942 1606 3980 quod
1622 3965 1632 3981 ,
1655 3943 1691 3973 de
1713 3941 1814 3973 Gratia
1831 3938 1925 3971 nostra
1946 3934 2056 3974 speciali
2072 3958 2082 3973 ,
2100 3935 2134 3966 &
2150 3945 2203 3974 pro
2218 3945 2254 3966 eo
2268 3933 2368 3973 quod,
2390 3943 2450 3966 Par.
2469 3941 2500 3973 4.

1311 3980 1503 4020 Magnificum
1520 3981 1623 4013 Virum
1639 4004 1649 4020 ,
1667 3979 1859 4019 Przimillaum
1879 3979 1982 4006 Ducem
1993 3972 2188 4014 Teschinenfi‘m
2199 3983 2284 4014 penes
2297 3972 2373 4044 Ngsc

2393 3981 2526 4013 R.2.p.3.

2399 4024 2435 4044 m.
2457 4023 2500 4050 ¹7·
