2561 4251
251 142 328 194 178

91 227 167 258 Ann.
184 225 226 257 D.
281 225 392 257 Actum
411 223 529 262 janu-x,
548 222 576 250 in
598 219 706 251 Palatio
723 220 828 251 Ducali
841 219 1017 251 Communis
1027 220 1145 259 Januce,
1164 219 1193 249 in
1206 218 1313 249 Terra·

114 274 200 303 1370.
245 266 281 295 tia
299 264 367 293 dit‘li
380 261 495 298 Palatii,
514 260 561 289 ubi
577 258 710 290 Concilia
725 260 795 290 dieti
812 258 986 289 Communis
998 259 1100 298 Januae
1117 258 1310 298 celebrantur,

93 302 161 333 Ede.
183 314 209 342 3.
241 304 329 334 Anno
350 300 515 331 Dominicae
536 297 701 330 Nativitatis
717 298 889 336 millesimo,
908 297 1144 336 Trecentesimo,
1159 297 1313 337 Septuage-

241 342 328 378 simo,
356 338 514 369 indictione
532 336 656 375 octavii,
682 336 838 367 secundum
865 335 976 366 cursum
994 335 1113 375 Januae‚
1135 336 1182 367 die
1200 335 1313 374 Qarta

241 378 429 414 Decembris,
446 376 570 414 ejusdem
583 375 654 406 hora
667 375 750 413 paulo
766 375 831 412 post
841 373 978 415 Comple.

598 451 785 483 Praesentibus
804 451 958 491 Testibus,

278 532 391 568 Georgia
404 530 436 560 de
449 529 542 568 clous,

274 569 456 638 {thilebrando
474 607 506 636 de
523 606 640 644 Codaio,

277 647 409 678 Notariis
421 647 454 677 ὅ(
472 645 653 676 Cancellariis
669 644 779 683 praefati
793 643 916 676 Domini
929 644 1022 676 Ducis
1037 645 1070 676 &
1079 643 1257 676 Communis
1264 642 1314 683 Ja-

239 695 322 756 ῐωέῑ,
333 723 463 762 Johanne
476 722 593 753 Camello
601 745 611 762 ,
628 722 705 754 Cive
713 721 812 762 januae
820 745 831 761 ,

284 800 353 839 Ego
373 803 417 831 Ra
434 800 500 830 hae!
510 801 542 831 de
554 799 676 839 Guascho
690 800 722 829 de
735 797 859 828 Monelia
868 821 878 837 ,
896 797 1038 837 Imperiali
1053 798 1231 830 Audfloritate
1244 798 1315 829 No-

244 841 327 871 tarius
348 840 380 871 &
433 839 593 870 ancellarius
614 838 788 870 Communis
803 837 1005 876 Januenlium,
1023 838 1164 878 praedictis
1181 838 1316 870 omnibus

243 879 359 910 interfui
374 879 407 910 ὃ(
421 887 529 919 rogatus
540 878 642 917 scripsi.

241 956 310 1012 IN
329 955 514 987 Notium-3
535 954 728 993 Donum,
748 953 884 986 Amen.

322 995 470 1026 Noverint
495 993 630 1029 Universi
654 993 754 1032 quod,
779 992 964 1023 Reverendus
986 992 1015 1022 in
1035 991 1154 1024 Christo
1176 993 1260 1025 Pater
1281 993 1314 1024 &

242 1031 407 1072 Dominus,
425 1033 574 1064 Dominus
598 1031 742 1070 Andreas,
763 1030 821 1062 Dei
843 1032 877 1062 &
900 1030 1076 1071 Apostolicae
1097 1032 1177 1063 Sedis
1199 1031 1311 1070 gratia,

243 1072 481 1111 Archiepiscopus
499 1071 660 1110 Januenfis,
678 1072 757 1109 viso,
776 1070 918 1108 inspecto,
937 1071 970 1100 ὃς
993 1069 1140 1110 diligenter
1154 1073 1315 1102 examinato

242 1110 426 1151 suprascripto
448 1110 644 1142 Instrumento
664 1110 748 1140 dictae
770 1107 995 1146 Ratificationis,
1010 1109 1179 1149 Syndicatfis
1193 1110 1226 1141 &
1242 1108 1314 1140 Pro-

241 1151 411 1194 cu'ra'tionis,
433 1149 541 1193 fatfto,¹
556 1150 585 1179 in
607 1150 749 1189 praesentia
770 1147 942 1216 siffisasctkpti
967 1147 1121 1218 Pagsqlqaloti
1137 1149 1318 1218 Ususrsnaris,

244 1187 1317 1271 {ffi-&gregalesegrediens?sucesserat&‘32

244 1265 345 1304 Poptili
371 1265 561 1296 Defensorem
577 1288 586 1303 ,
618 1275 687 1295 cum
709 1263 856 1294 Consensu
880 1264 913 1294 δε
937 1262 1092 1295 Voluntate
1114 1265 1152 1296 sui
1173 1265 1317 1302 Concilii,

241 1303 413 1335 Duodecim
436 1303 617 1342 Sapientum,
643 1302 747 1341 scripto
768 1311 854 1333 manu
869 1301 1022 1342 Raphaelis
1035 1303 1071 1334 de
1085 1303 1223 1336 Guascho
1245 1303 1317 1334 No-

241 1344 303 1374 tarii
317 1343 508 1382 suprascripti,
526 1341 655 1382 prccsenti
669 1342 776 1379 Anno,
795 1341 839 1371 die
855 1341 966 1380 Quartfi
982 1340 1170 1382 Decembris,

280 1383 325 1413 Ac
348 1382 451 1420 scienS,
477 1380 657 1417 cognoscens
697 1381 826 1411 notitiam
850 1380 956 1410 habens
976 1381 1053 1420 quod
1074 1382 1165 1413 dic'tus
1185 1381 1314 1420 Raphael

240 1421 277 1452 de
299 1420 435 1452 Guascho
448 1420 490 1450 est
505 1419 646 1451 Notarius
660 1405 794 1450 i'ublicus
807 1419 841 1450 ὃ(
853 1418 889 1449 de
902 1417 1039 1457 Collegio
1054 1420 1244 1453 Notariorum
1261 1418 1314 1450 Ci-

241 1461 331 1491 vitatis
348 1459 468 1498 Januae,
483 1460 517 1489 &
540 1458 574 1488 ad
597 1468 664 1488 eum
686 1458 804 1488 habetur
827 1465 962 1497 tanquam
985 1461 1019 1490 ad
1043 1458 1201 1491 Notarium
1215 1459 1314 1490 Publi-

237 1509 324 1536 cum,
340 1500 373 1529 &
395 1499 444 1536 qui
465 1497 580 1536 publice
603 1498 637 1528 ὅ(
659 1498 798 1527 continue
819 1497 945 1527 exercuit
966 1496 999 1528 δε
1018 1506 1149 1530 excercet
1171 1497 1315 1529 Officium

239 1537 410 1576 praedicstum
435 1536 470 1567 N
472 1536 551 1566 otarii
564 1536 596 1568 δε
608 1534 823 1566 Tabellionatsis
836 1536 864 1565 in
877 1534 1018 1574 Civitate,
1037 1535 1190 1576 Dioecese,
1205 1538 1239 1568 &
1255 1536 1313 1567 Di-

238 1576 426 1607 strictualibus
437 1574 556 1613 Januae,
573 1585 587 1606 a
602 1574 710 1613 Viginti
727 1574 817 1604 Annis
833 1574 902 1604 citra
918 1574 951 1604 &
964 1574 1053 1613 ultra,

277 1615 392 1654 Qibus
413 1614 547 1644 omnibus
560 1614 676 1645 adtenus
690 1612 768 1643 idem
784 1612 932 1643 Dominus
949 1612 1201 1652 Archiepiscopus,
1221 1615 1254 1646 ad
1270 1615 1314 1645 in-

240 1653 372 1684 stantiam
394 1653 428 1683 &
450 1652 677 1691 requilitionem,
697 1651 808 1682 discreti
829 1650 890 1681 Viri
928 1651 1067 1682 Anthonii
1086 1653 1226 1693 Agamio,
1244 1653 1314 1684 No—

239 1693 317 1730 tarii,
334 1690 453 1731 Syndici
489 1693 521 1722 &
536 1690 730 1722 Procuratoris
744 1689 868 1734 Domini
884 1674 974 1734 Ducis
989 1690 1022 1721 ὅ(
1040 1690 1216 1722 Communis
1226 1691 1315 1731 Janu-

237 1731 346 1762 ensium
369 1732 399 1760 in
420 1714 499 1760 digto
521 1728 717 1760 Instrumento
729 1729 814 1760 dic'tae
829 1726 1108 1773 Ratificationis,-&
1125 1730 1295 1770 syndicatfis
1306 1753 1316 1769 ,

238 1771 450 1839 scriffioDmanu
473 1768 544 1799 dieti
558 1767 724 1806 Raphaelis,
744 1767 821 1798 suam
834 1766 1047 1798 Authoritatem
1063 1768 1227 1808 interposuit
1242 1771 1314 1810 pari-

238 1817 280 1840 ter
374 1816 510 1838 ecretum.

275 1845 307 1877 In
326 1847 403 1885 cujus
424 1846 462 1875 rei
486 1844 701 1875 Testimonium
724 1844 757 1875 &
781 1842 980 1874 certitudinem
1002 1844 1160 1885 pleniorem
1201 1846 1314 1879 raefatus

240 1885 389 1917 Dominus
412 1883 648 1923 Archiepiscopus
671 1883 737 1914 huic
760 1881 956 1914 Instrumento
972 1884 1114 1917 mandavit
1133 1886 1166 1917 &
1191 1886 1219 1917 ui
1235 1885 1313 1918 Pon-

239 1923 360 1956 tificatfis
376 1923 464 1962 Sigilli
481 1922 651 1962 appensione
665 1922 787 1960 muniri,

278 1962 318 1994 Et
336 1962 372 1993 de
398 1962 541 1999 praedietis
560 1961 652 1992 dictus
668 1960 814 1992 Dominus
836 1960 1077 2001 Archiepiscopus
1099 1963 1261 2003 mandavit,
1278 1965 1313 1997 &

238 2002 332 2033 dietus
350 2001 527 2039 Anthonius‚
545 2000 628 2031 dieto
647 2001 781 2037 nomine,
798 2000 926 2038 rogavit,
946 2010 995 2038 per
1018 2011 1064 2032 me
1087 2001 1247 2033 Notarium
1269 2004 1314 2035 in-

236 2041 428 2080 frascriptum,
448 2048 478 2070 ut
495 2038 562 2070 inde
576 2038 721 2070 conficere
737 2038 857 2069 debeam
870 2037 1024 2071 Publicum
1038 2039 1274 2073 Instrumentum.

275 2118 385 2150 Aetam
425 2127 505 2148 anuae
529 2117 560 2147 in
585 2116 691 2148 Archie
712 2115 826 2157 iscopali
841 2114 949 2148 Palatio
963 2116 999 2149 de
1015 2117 1121 2150 saneto
1137 2118 1312 2160 Laurentio,

237 2157 327 2188 Anno
343 2168 359 2188 a
410 2157 533 2187 ativitate
548 2155 673 2186 Domini
730 2155 862 2193 illelimo,
879 2155 1116 2196 Trecentesimo,
1135 2158 1310 2199 Septuagesi-

237 2206 289 2227 mo
324 2195 487 2226 Indiffione
511 2194 643 2233 OCtavzi,
662 2194 818 2226 secundum
831 2193 1017 2233 Januenfium
1028 2197 1161 2236 cursum,
1178 2197 1238 2230 Die
1251 2198 1312 2237 sep-

237 2236 308 2267 tima
324 2234 434 2266 Mensis
447 2233 635 2273 Decembris,
652 2233 736 2265 Hori
751 2233 935 2273 Tertiarum,

590 2310 774 2343 Praesentibus
789 2309 943 2350 Testibus,

273 2388 414 2421 Discretis
427 2389 502 2420 Viris
510 2412 520 2428 ,

273 2427 401 2458 Gabriele
415 2427 586 2466 Refrignano
603 2426 750 2465 Notario‚

273 2466 406 2504 Johanne
431 2467 469 2501 ὠ·
499 2469 660 2505 Magnerri,
681 2467 792 2497 condam
817 2466 946 2498 Nicholai
972 2466 1011 2503 ὠ
1036 2467 1137 2508 Johan
1161 2468 1193 2498 de
1219 2470 1309 2508 Lein,

239 2504 360 2536 Civibus
371 2505 479 2543 januae.

260 2550 262 2553 '
277 2543 322 2574 Ad
339 2545 478 2581 praemissa
491 2544 599 2574 vocatis
614 2544 647 2575 &
665 2544 774 2583 rogatis.

273 2619 337 2659 Ego
353 2619 470 2649 Felix-ius
488 2621 520 2650 de
538 2620 703 2658 Garibaldo,
728 2620 876 2658 quondam
896 2621 1038 2653 Leonardi
1057 2646 1066 2661 ,
1085 2622 1226 2661 Imperiali
1246 2624 1308 2656 Au-

236 2659 363 2690 &oritate
379 2659 576 2697 Notarius—,st
592 2659 697 2697 praefati
714 2658 838 2689 Domini
855 2660 1069 2701 Archiepiscopi
1081 2662 1227 2700 januensis
1241 2664 1309 2693 scri-

237 2699 292 2736 ba,
311 2697 453 2735 praedictis
473 2699 609 2727 omnibus
633 2696 764 2734 interfui,
784 2698 929 2737 Signoqiie
950 2709 1017 2730 mco
1038 2701 1118 2731 solito
1133 2701 1260 2741 signavi,
1277 2703 1309 2732 in

238 2735 454 2768 Testimonium
471 2737 681 2775 prsemissorum
698 2745 809 2776 rogatus
824 2736 925 2775 scripli.

92 2881 111 2901 ,
131 2882 184 2908 VI·
362 2858 390 2884 ³st
402 2861 450 2892 De
470 2861 619 2891 §rcutinio
634 2870 689 2906 pro
713 2862 825 2893 Literis
842 2863 879 2898 ὠ·
900 2861 1015 2905 Bullis,
1036 2862 1191 2907 fiaciendo.

83 2922 214 2992 271an
245 2943 369 3005 REX
391 2943 499 2988 Majori
517 2945 550 2976 &
565 2944 675 2976 Ballivis
689 2945 774 2976 Villae
792 2946 828 2976 de
844 2945 943 2985 Lenn,
960 2947 1094 2979 Salutem.

114 3006 199 3026 p-,O'
290 3022 294 3026 ⁴
361 2984 541 3022 Quibusdam
563 2986 646 3015 certis
667 2984 702 3014 de
723 2984 825 3023 caufis,
843 2995 895 3015 nos
918 2988 1118 3024 moventibus,
1135 2988 1234 3026 vobis,
1260 2988 1310 3019 sub

92 3018 162 3063 Ass
203 3058 207 3062 .
242 3021 416 3053 forisfactura
430 3023 562 3053 omnium
579 3033 643 3061 quae
657 3024 741 3054 nobis
757 3023 918 3055 forisfacere
933 3027 1074 3064 poteritis,
1091 3027 1262 3065 injungimus
1278 3029 1311 3059 &

92 3078 114 3101 E
160 3046 198 3072 Ἠ
244 3061 427 3098 mandamus,
445 3061 524 3100 quod
548 3061 659 3092 bonum
681 3064 714 3092 ἃ
729 3063 848 3102 diligens
865 3072 898 3093 ac
913 3063 1052 3096 sufficiens
1067 3064 1261 3104 scrutinium,
1280 3068 1310 3098 in

93 3094 230 3150 Civis-44-

94 3155 123 3178 E.
145 3161 169 3186 3.

92 3199 130 3218 m.
141 3199 166 3226 3.
187 3190 212 3218 d.

244 3098 335 3130 Portu
350 3098 433 3129 Villa:
448 3099 609 3138 pnedietae,
626 3101 658 3131 &
675 3101 784 3139 singulis
800 3101 887 3132 Locis
902 3101 1072 3143 Maritimis,
1090 3103 1162 3134 infra
1178 3103 1311 3135 Ballivam

245 3138 382 3177 vestram,
401 3138 504 3167 faciatis
522 3139 602 3176 quod
625 3139 699 3170 nulla
719 3139 857 3179 Persona,
877 3140 971 3171 Alieni
991 3152 1061 3180 ena,
1081 3141 1226 3180 Clericus,
1247 3142 1313 3174 Lai-

244 3188 310 3215 cuS,
328 3177 372 3208 vel
387 3175 566 3214 Religiosus,
583 3187 630 3207 aut
643 3178 725 3216 alius,
744 3180 949 3217 cujuscumque
961 3181 1054 3212 btams
1067 3180 1112 3211 seu
1126 3179 1313 3212 Conditionis

241 3217 342 3254 fuerit,
362 3216 485 3253 Literas,
507 3214 610 3253 Bullas,
631 3214 836 3255 Instrumenta,
858 3218 900 3248 seu
913 3219 981 3257 alia,
1000 3219 1115 3258 Nobis,
1131 3220 1176 3250 vel
1191 3219 1315 3251 Subditis

243 3253 362 3292 nostris,
379 3263 425 3284 aut
447 3253 576 3284 Coronae
597 3254 700 3284 nostrae
715 3256 926 3296 prtejudicialia,
942 3258 1013 3288 infra
1028 3257 1165 3297 Regnum
1181 3257 1314 3289 nostrum

244 3293 358 3331 Angliae
373 3293 494 3330 deferat,
515 3292 560 3322 seu
572 3292 675 3323 deferri
691 3293 789 3332 faciat,
806 3295 881 3325 clam
897 3296 940 3326 vel
960 3297 1071 3335 palam,

275 3332 321 3366 ,Et
334 3342 436 3362 omnes
451 3332 525 3368 ilios,
544 3341 619 3370 quos
634 3332 754 3370 Literas,
774 3334 876 3370 Bullas,
892 3333 1098 3373 Instrumenta,
1114 3335 1159 3366 seu
1173 3335 1222 3365 alia
1236 3345 1314 3373 quae-

245 3379 361 3408 cunque
402 3381 466 3410 quse
488 3369 605 3407 Nobis,
629 3379 675 3401 aut
698 3371 781 3402 alicui
803 3371 839 3403 de
859 3372 982 3404 Subditis
1002 3373 1121 3412 nostris,
1139 3373 1185 3403 vel
1206 3373 1314 3414 Regno

244 3408 344 3439 nostro
364 3393 565 3447 f'raejudicialia
583 3409 628 3439 seu
653 3409 820 3448 Dampnosa
834 3411 889 3441 esse
907 3421 1055 3451 poterunt,
1072 3413 1166 3443 secum
1181 3412 1314 3443 habentes

245 3447 290 3479 vel
311 3447 482 3485 deferentes,
498 3449 674 3486 inveneritis,
693 3449 748 3478 fine
770 3448 907 3480 dilatione
929 3451 1055 3490 arestari,
1071 3452 1105 3482 &
1126 3450 1203 3481 salvo
1216 3451 1314 3481 custo-

244 3485 298 3517 diri
313 3484 416 3516 faciatis
431 3487 574 3524 quousque
590 3487 660 3517 aliud
679 3487 746 3518 inde
758 3490 990 3528 praeceperimus,

284 3523 321 3554 Et
342 3526 440 3554 omnia
462 3525 621 3562 hujusmodi
639 3525 761 3563 Literas,
779 3525 884 3564 Bullas,
903 3527 1107 3566 Instrumenta,
1126 3527 1160 3558 &
1172 3527 1222 3557 alia
1237 3527 1315 3559 Prae-

245 3562 380 3596 iudicialia
409 3573 620 3601 quecumque,
646 3574 711 3601 quae
740 3575 789 3602 per
812 3565 971 3602 hujusmodi
996 3567 1172 3597 Scrutinium
1195 3567 1314 3598 inveniri

246 3602 416 3640 contigerit,
431 3612 520 3643 ‘penes
536 3613 587 3631 vos
599 3604 726 3642 capiatis,
744 3604 777 3634 ὅ(
792 3614 823 3633 ea
837 3613 936 3634 coram
951 3605 1046 3636 Nobis
1060 3606 1092 3636 &
1109 3604 1247 3636 Concilio
1263 3616 1317 3637 no-

249 3639 325 3677 stro,
341 3640 391 3670 sub
406 3639 507 3677 sigillis
521 3640 635 3679 vestris,
653 3641 710 3671 line
724 3642 877 3680 dilatione,
894 3644 1025 3683 mittatis,
1044 3643 1148 3674 ibidem
1167 3644 1316 3680 inspicien-

247 3677 282 3706 da
305 3680 337 3708 &
359 3678 559 3715 examinanda,
579 3679 612 3708 ὅ(
637 3679 671 3709 ad
692 3680 854 3711 faciendum
876 3681 943 3712 inde
965 3682 1042 3722 quod
1067 3681 1167 3712 Nobis
1189 3682 1223 3712 δε
1237 3682 1316 3714 dicto

249 3714 384 3746 Concilio
400 3716 498 3746 nostro
511 3718 651 3747 videbitur
666 3719 814 3757 expedire,

286 3753 322 3783 Et
337 3755 393 3784 hoc
432 3756 480 3784 sub
496 3755 682 3785 forisfactura
698 3757 848 3795 praedicta,
866 3759 1022 3790 nullatenus
1038 3759 1180 3789 omittatis.

251 3791 371 3858 br'geste
395 3777 477 3832 stege
499 3793 571 3832 apud
595 3794 637 3825 W
639 3793 904 3836 estmonzisterium,
922 3797 1100 3829 duodecimo
1121 3797 1167 3827 die
1190 3795 1321 3828 Decem-

253 3903 418 3937 Consimilia
442 3907 541 3938 Brevia
568 3908 726 3950 diriguntur
751 3908 910 3948 Majoribus
929 3935 938 3950 ,
963 3913 997 3943 &
1022 3912 1130 3944 Ballivis
1149 3911 1325 3952 subscriptis,

566 3948 615 3977 iub
640 3948 737 3978 eadem
757 3948 853 3987 Data,
885 3951 1034 3989 videlicet,

288 4011 448 4087 ἓῖῗὴἵζιύςξ·
455 4013 591 4085 ἐῖὲἶίὶνίε
605 4018 634 4046 V
633 4016 689 4047 illae
705 4017 737 4047 de
750 4017 900 4058 Kyngeston
906 4019 988 4058 ficper
1001 4019 1070 4050 Hal.

1893 65 1895 98 'i

726 128 1509 177 coNvssNTioNEs,
1564 106 1954 177 Li‘rERAE,

2435 207 2516 242 Anii.
2527 210 2559 246 t]

2458 247 2561 289 Ι,πεί-τ

2435 289 2504 316 Edv.
2524 298 2558 327 3,-

1390 302 1440 334 De
1461 298 1690 333 Mercatoribus
1705 300 1837 348 Janus„
1855 300 1946 346 staper
1961 302 2087 347 Negatio
2111 305 2279 350 Captaruus
2302 303 2378 335 Na-

1751 352 1841 382 vium
1850 347 2012 395 stepedic'im

1352 434 1440 490 RE
1449 434 1480 466 X
1499 436 1631 467 universis
1644 436 1679 468 ὅτ
1693 435 1804 475 lingulis
1818 434 1853 466 ad
1866 445 1955 473 qum,
1973 434 2035 466 ὅτε.
2050 435 2184 466 Salutem.
2437 435 2556 471 Ann.D.=

1467 474 1590 514 Nuper,
1610 476 1744 506 relatione
1758 473 1898 518 veridica,
1918 473 2063 505 informati
2076 475 2158 513 quod
2171 485 2226 506 una
2238 475 2349 516 Navis,
2363 487 2418 510 vo·
2455 484 2541 515 1371.

1350 512 1451 555 cata-le
1467 512 1571 552 Beyard
1585 513 1649 545 alias
1664 514 1760 557 Seinte
1777 513 1871 544 Marie
1889 512 2075 558 Magdalene,
2094 515 2127 544 ὅ(
2140 511 2218 558 Βμεε
2231 513 2345 559 rohae
2359 516 2415 547 five
2432 517 2485 543 An,
2500 526 2546 553 44.

1350 546 1467 581 Taricae
1482 551 1517 581 de
1528 551 1634 596 Janua,
1650 554 1763 584 diverlis
1776 551 1895 591 Rebus,
1905 551 2013 597 'Boium
2029 553 2062 584 &
2079 551 2281 597 Mercimoniis
2290 554 2416 593 Januen-
2435 556 2466 580 E·
2489 563 2514 590 3.

1349 586 1442 627 fium,
1465 590 1497 620 &
1519 592 1640 621 aliorum
1663 591 1862 635 Mercatorum
1881 591 2053 622 diversarum
2074 590 2260 630 Nationum,
2278 603 2420 632 oneratae,
2435 595 2559 631 Pat.44.'.

1349 629 1570 697 gzffiagtgierant
1589 630 1668 669 supra
1683 629 1785 669 Mare,
1803 629 1836 661 &
1854 640 1884 660 in
1898 629 2038 670 Regnum
2052 631 2086 662 &
2101 629 2276 661 Potestatem
2290 632 2418 665 nostram
2434 634 2466 706 ξ
2486 640 2513 707 33
2530 682 2534 717 ι

1490 691 1500 706 ‚
2222 695 2224 697 ,
2454 691 2460 696 .
2509 690 2518 698 .
2535 689 2543 707 ,-

1386 704 1456 736 Nos
2435 717 2472 737 m.
2507 729 2516 738 .
2533 730 2535 744 2

1387 729 1653 789 Obnssffeffionem
1674 746 1831 783 internam,
1851 755 1936 791 quam
1952 754 2016 785 erga
2028 745 2164 786 Ducem,
2178 747 2421 789 Comunitatetn,
2488 717 2502 746 3
2532 749 2533 754 ’

1349 781 1383 813 &
1398 782 1598 851 11¹)istnecuaies
1614 784 1801 824 Januensium
1814 794 1829 815 a
1841 784 1889 815 diu
1903 784 2051 823 gessimus,
2068 786 2103 817 &
2117 787 2286 819 incessanter
2297 789 2422 828 gerimus

1350 821 1571 906 &Etazimitilister
1586 861 1656 906 Nos
1668 861 1701 893 ὅτ
1716 861 1792 900 Eos,
1803 871 1841 906 ac
1857 860 1990 893 Subditos
2013 862 2087 908 “rtis
2101 862 2259 908 utriusque,
2277 863 2371 896 Amor
2386 866 2422 898 δε

1350 898 1482 931 ΒιΙεέὶιο
1509 900 1668 932 successivis
1687 901 1862 940 temporibus
1881 910 2000 940 peramp
2012 910 2054 932 ius
2076 901 2110 932 &
2128 902 2280 939 persecutis
2298 904 2423 936 soliden—

1350 946 1396 970 tur

1390 960 1439 1008 De
1457 976 1655 1009 Munificentiii
1676 977 1709 1009 ὃ(
1729 976 1909 1009 Liberalitate
1926 977 2041 1018 Regia,
2065 988 2099 1009 ac
2140 978 2207 1010 tatia
2225 978 2336 1018 speciali
2347 981 2422 1020 ,-de

1352 1014 1483 1059 Consilio
1501 1018 1535 1049 &
1558 1016 1676 1047 Affensu
1697 1015 1900 1060 Praelatorum,
1922 1016 2100 1057 Procerum,
2114 987 2304 1058 §stagnatum
2319 1019 2354 1051 &
2373 1020 2425 1053 Sa.

1351 1063 1480 1092 pientum
1494 1055 1621 1086 Concilii
1638 1053 1745 1091 nostri,

1389 1092 1590 1126 Ordinavimus
1613 1093 1694 1133 quod
1719 1092 1832 1132 Navis,
1848 1094 1882 1125 &
1904 1093 1983 1126 Duae
1995 1093 2107 1126 Cochae
2121 1095 2178 1126 five
2189 1095 2305 1128 Taricae
2319 1096 2425 1137 praedi-

1353 1131 1426 1170 (tte,
1450 1142 1484 1163 ac
1505 1133 1584 1164 Bona
1606 1133 1651 1163 seu
1678 1131 1889 1171 Mercimonia,
1915 1141 2044 1171 tempore
2063 1132 2213 1175 Captionis
2233 1145 2351 1175 earum,
2366 1138 2427 1167 exi-

1353 1170 1452 1202 stentia
1470 1173 1499 1202 in
1519 1173 1643 1210 eisdem,
1662 1170 1809 1203 Pascaloto
1827 1171 2006 1210 Ususmaris,
2025 1170 2095 1203 Civi
2112 1172 2261 1212 januensi,
2285 1176 2423 1214 tanquam

1353 1208 1529 1241 Procuratori
1545 1212 1578 1242 &
1595 1209 1732 1249 sindico,
1749 1210 1840 1241 Ducis
1850 1233 1859 1248 ,
1874 1209 2066 1241 Comunitatis
2088 1211 2121 1241 &
2136 1210 2362 1245 DistriCtualium
2409 1231 2424 1238 -

1353 1250 1514 1287 nuensium,
1531 1251 1567 1284 ad
1589 1249 1716 1280 nostram
1732 1249 1904 1289 praesenn'am
1921 1258 1954 1280 ex
1967 1258 2046 1289 parte
2060 1249 2186 1287 ipsorum
2202 1249 2294 1282 Ducis
2309 1253 2342 1283 δε
2409 1271 2423 1277 -

1354 1289 1496 1319 munitatis
1511 1288 1655 1328 propterea
1666 1288 1814 1327 specialiter
1829 1287 1986 1327 destinato,
2004 1288 2213 1320 restituerentur
2228 1290 2343 1322 indilate
2360 1302 2366 1321 :

1390 1325 1528 1367 Cumque
1550 1328 1726 1359 Mercatores
1746 1327 1920 1365 Florentini,
1939 1327 2067 1365 Lucani,
2086 1326 2208 1366 Veneti,
2226 1329 2262 1360 δι’
2281 1328 2423 1361 Valentini

1354 1363 1550 1397 Mercimonia
1567 1369 1600 1399 &
1615 1366 1693 1397 Bona
1708 1367 1738 1396 in
1754 1366 1858 1397 eisdem
1874 1366 1957 1398 Navi
1971 1366 2004 1397 δε
2019 1365 2130 1396 Taricis
2144 1367 2169 1396 se
2184 1367 2312 1399 oneraffe
2326 1369 2359 1399 ὃ(
2373 1368 2425 1400 ha-

1353 1404 1421 1434 bere
1442 1406 1592 1444 dicebant,
1608 1405 1806 1436 mandavimus
1830 1405 1990 1436 Admirallis
2010 1405 2043 1435 ὅ(
2064 1404 2120 1434 aliis
2135 1404 2290 1437 Officiariis
2304 1406 2425 1448 nostris,

1354 1451 1384 1472 ut
1408 1443 1600 1475 Mercimonia
1624 1446 1630 1474 i
1654 1445 1694 1482 la,
1713 1445 1743 1474 in
1765 1444 1846 1474 Navi
1869 1444 1902 1475 &
1922 1443 2034 1474 Taricis
2048 1443 2207 1481 hujusmodi
2221 1446 2426 1485 comprehensa

1354 1482 1387 1512 &
1411 1492 1534 1523 reperta,
1554 1485 1612 1514 tam
1642 1482 1824 1521 anuenfibus,
1842 1483 1928 1520 quam
1943 1483 2001 1513 aliis
2016 1482 2230 1514 Mercatoribus
2245 1484 2427 1524 supradietis,

1355 1529 1457 1559 prout,
1475 1533 1523 1560 per
1539 1522 1624 1561 Signa
1638 1531 1740 1553 eorum
1751 1544 1760 1560 ,
1780 1522 1882 1552 melitis
1897 1522 2016 1561 probare
2030 1521 2142 1560 possent
2158 1520 2354 1554 Mercimonia
2369 1523 2426 1556 hu-

1349 1559 1473 1597 jusmodi
1494 1562 1551 1592 effe
1570 1563 1631 1600 sua,
1650 1561 1764 1593 cuilibet
1785 1560 1906 1598 ipsorum
1921 1558 2120 1591 Mercatorum
2136 1560 2172 1590 de
2188 1560 2289 1600 Bonis,
2309 1561 2427 1602 Rebus,

1354 1597 1388 1628 &
1411 1598 1612 1631 Mercimonii's
1632 1599 1814 1638 hujusmodi,
1837 1599 1874 1631 src
1895 1599 2029 1637 signatis,
2051 1597 2281 1632 Restitutionem
2301 1600 2428 1633 facerent

1353 1636 1475 1668 celerem
1488 1640 1520 1670 ὅ(
1534 1638 1666 1670 festinam
1683 1647 1689 1667 :

1392 1674 1512 1708 Deinde
1532 1679 1620 1715 verb,
1639 1677 1710 1708 dicti
1733 1675 1879 1707 Admiralli
1899 1675 1933 1708 &
1953 1673 2096 1706 Officiarii
2119 1675 2226 1715 nostri,
2244 1687 2342 1708 coram
2367 1680 2426 1718 eis,

1355 1713 1413 1745 tarn
1433 1714 1584 1754 Januenses
1617 1716 1704 1755 quiim
1720 1715 1918 1752 Florentinos,
1938 1713 2087 1757 LucanOS,
2107 1713 2251 1753 Venetos,
2269 1717 2301 1747 &
2319 1716 2426 1748 Valen-

1354 1754 1490 1793 tinenses,
1506 1757 1556 1794 qui
1580 1738 1660 1786 &ona
1679 1753 1840 1792 hujusmodi
1863 1752 2067 1790 vendicabant,
2091 1753 2126 1784 ad
2147 1753 2226 1784 suam
2246 1756 2423 1792 praesentiam

1354 1801 1566 1832 convocantes,
1581 1794 1633 1832 &‚
1650 1793 1688 1824 eis
1710 1792 1961 1830 comparentibus,
1983 1793 1998 1808 *
2012 1791 2125 1829 singulis
2146 1792 2289 1824 di&orum
2304 1793 2422 1826 Merca-
2436 1804 2508 1838 *VI

1355 1838 1450 1861 torum
1464 1831 1690 1863 Restitutionem
1706 1832 1738 1863 &
1755 1830 1969 1862 Liberationem
1983 1828 2114 1874 fecerunt
2127 1829 2164 1860 de
2177 1830 2280 1870 Bonis,
2292 1833 2321 1862 in
2337 1832 2420 1864 Navi
2434 1845 2499 1883 ⁶77·
2511 1829 2520 1839 ’

1355 1870 1389 1900 &
1403 1870 1513 1902 Taricis
1527 1871 1669 1910 praedictis
1684 1871 1814 1909 repertis,
1833 1870 1956 1909 ipsorum
1971 1868 2128 1906 Signaculis
2143 1869 2424 1912 consignatis,prout

1353 1908 1407 1979 grain
1408 1910 1535 1947 ipsorum
1557 1910 1714 1950 quemlibet
1733 1909 1872 1948 pertinere
1892 1907 1991 1939 eadem
2011 1906 2092 1939 Bona
2112 1914 2182 1940 tunc
2197 1910 2335 1948 temporis
2346 1910 2424 1943 dice-

1410 1959 1453 1979 tur
1468 1958 1475 1978 ε

1390 1986 1487 2019 1)ίέὶο
1500 1989 1572 2019 vero
1583 1987 1740 2025 Pascaloto>
1748 1987 1812 2018 vice
1825 1986 1858 2017 ὃ(
1873 1985 1995 2016 nomine
2010 1983 2212 2017 Mercator-um
2224 1984 2422 2029 Janoenfium,

1352 2026 1532 2058 restituerunt
1551 2028 1584 2059 &
1606 2027 1814 2063 liberaverunt,
1832 2024 1881 2055 Re
1900 2025 1932 2057 &
1953 2023 2071 2063 Verbo,
2088 2023 2207 2055 Navem
2222 2025 2256 2056 &
2269 2024 2348 2058 Duas
2360 2027 2426 2060 Ta.

1352 2067 1422 2097 ricas
1443 2065 1609 2105 praediffls,
1626 2075 1660 2097 ac
1680 2066 1778 2096 omnia
1791 2064 1870 2095 Bona
1882 2064 1916 2095 &
1930 2062 2144 2102 Mercimonia,
2164 2062 2364 2096 Mercatorum
2372 2066 2425 2106 Ja.

1351 2106 1499 2138 nuensium
1521 2104 1678 2144 Signaculis
1691 2104 1868 2144 consignata,
1885 2112 1952 2141 quae
1964 2102 1999 2133 ad
2013 2101 2192 2146 'Mercatores
2202 2101 2370 2144 januenses,
2385 2106 2422 2137 δε

1350 2154 1412 2175 non
1433 2144 1466 2175 ad
1488 2144 1573 2183 alios,
1593 2143 1787 2181 pertinebant,
1806 2142 1922 2172 nemine
1934 2150 1969 2172 ex
1983 2141 2042 2172 alus
2055 2140 2267 2173 Mercatoribus
2280 2143 2430 2183 praediffis

1350 2183 1567 2215 contradicente
1580 2183 1625 2214 vel
1639 2183 1723 2216 etiam
1739 2181 1923 2215 reclamante:

1390 2223 1488 2262 Qiem
1503 2221 1619 2261 quidem
1634 2220 1861 2251 Restitutionem
1875 2219 1908 2251 &
1925 2218 2136 2249 Liberationem
2150 2218 2235 2250 dietis
2248 2218 2424 2252 Mercatori-

1350 2262 1420 2299 bus,
1438 2261 1474 2292 de
1495 2260 1637 2292 Mandato
1656 2260 1690 2292 ὃ(
1714 2259 1895 2291 Auctoritate
1917 2256 2032 2295 nostris,
2050 2258 2088 2288 fic
2102 2257 2207 2288 factam
2220 2258 2303 2291 fuisse
2316 2259 2351 2291 &
2364 2259 2422 2291 effi.

1350 2301 1434 2331 vobis
1456 2301 1590 2337 omnibus
1612 2299 1646 2329 &
1669 2299 1802 2335 lingulis,
1819 2298 1852 2330 &
1874 2297 1949 2336 aliis,
1964 2306 2089 2334 quorum
2102 2295 2235 2336 interest,
2251 2299 2418 2330 intimatum

1350 2349 1402 2378 per
1415 2340 1575 2379 praesentes,
1592 2335 1708 2377 Magno
1720 2336 1818 2377 Sigillo
1832 2336 1930 2367 nostro
1944 2336 2022 2375 regio
2034 2334 2215 2379 consignatas.

1389 2378 1455 2410 Dat.
1481 2379 1509 2408 in
1533 2377 1659 2408 Civitate
1675 2376 1771 2408 nostra
1791 2375 1954 2406 Londoniae
1967 2397 1976 2413 ,
2001 2374 2164 2417 primo-die
2178 2373 2324 2414 januarii,
2343 2385 2424 2407 anno

1350 2415 1522 2448 Dominicae
1544 2416 1710 2448 Nativitatis
1730 2414 1888 2446 Millesimo
1902 2437 1911 2451 ,
1935 2413 2183 2456 Trescentelitno,
2209 2413 2426 2453 Septuagefimo

1348 2458 1463 2495 primo,
1481 2456 1515 2487 &
1536 2456 1712 2493 Regnorum
1735 2453 1919 2492 nostrorum,
1936 2451 2064 2485 Franciae
2076 2451 2240 2483 Tricesimo
2254 2453 2369 2492 primo,
2386 2453 2426 2485 &

1348 2496 1463 2534 Angliae
1479 2494 1706 2535 Qadragesimo
1718 2502 1829 2533 quarto.

1348 2643 1407 2678 Ad
1431 2646 1540 2691 Regem
1566 2643 1739 2676 Navarm,
1757 2639 1849 2684 fhper
1871 2636 2052 2692 Τνιιὲῗιτιὶςἰ
2071 2633 2109 2668 de
2138 2638 2284 2683 Principis
2306 2637 2420 2672 Wlliae

1686 2687 1822 2735 Drffensia
1839 2713 1848 2729 ‚
1874 2684 2083 2730 nonficatorm.

1347 2779 1522 2837 EDward,
1540 2786 1589 2816 par
1610 2776 1635 2807 la
1653 2783 1736 2814 grace
1748 2773 1785 2804 de
1798 2771 1894 2809 Dieu‚
1913 2771 1974 2802 Roi
1989 2770 2026 2801 de
2040 2769 2149 2800 France
2159 2770 2193 2802 &
2207 2770 2415 2812 d’Engltxteffe²
2436 2765 2510 2797 Ann.
2523 2764 2561 2797 D!

1411 2821 1444 2851 &
1465 2819 1509 2849 Sei
1531 2827 1583 2847 nur
1603 2813 1764 2851 d'Irlaund,
1780 2823 1794 2842 a
1806 2835 1815 2849 ,
1835 2811 1931 2841 nostre
1949 2808 2106 2840 Treschere
2127 2809 2160 2840 &
2180 2809 2316 2840 Tresame
2331 2810 2414 2841 Frere
2455 2813 2538 2844 1371.

1348 2860 1388 2903 &t
1403 2858 1482 2901 Filz,
1530 2855 1634 2893 harles,
1652 2862 1699 2893 par
1725 2851 1749 2882 la
1770 2850 1876 2882 mesine
1894 2858 1994 2889 grace,
2013 2847 2072 2878 Roi
2086 2847 2266 2884 deNavarre
2280 2848 2363 2880 Saluz
2378 2851 2412 2881 &
2428 2849 2485 2911 ἐκ.
2502 2853 2561 2881 44..

1347 2897 1596 2965 Dsseg'gns'niiir.
1616 2930 1762 2961 Fusae
1782 2936 1834 2958 ET
1853 2927 1968 2964 Fuz,
2427 2894 2561 2964 F2a32244.

1384 2973 1468 3003 Vous
1482 2982 1557 3012 poez
1569 2971 1657 3002 savoir
1673 2974 1811 3004 coment,
2430 2968 2458 2992 E.
2481 2973 2507 3001 3,

1384 3012 1519 3043 Parentre
1541 3009 1638 3040 nostre
1659 3005 1789 3042 Conseil,
1808 3013 1861 3041 pur
1882 3003 1915 3033 ὅτ
1936 3011 1971 3032 en
1979 3003 2063 3031 'noun
2077 2999 2115 3031 de
2130 3009 2217 3037 nous,
2236 3000 2320 3033 d'une
2335 3011 2413 3042 part,
2431 3013 2467 3033 m,
2488 3013 2512 3033 ι,

1348 3054 1382 3084 &
1404 3050 1503 3090 Johan
1523 3049 1555 3078 de
1574 3045 1668 3086 Tilly,
1684 3042 1833 3080 Chivaler,
1851 3040 1959 3070 Mestre
1978 3041 2056 3069 Piere
2077 3041 2109 3069 de
2131 3043 2244 3078 Tertre,
2263 3040 2297 3071 ὃς
2311 3041 2417 3073 Sanche

1349 3095 1392 3123 Lo
1420 3100 1436 3118 's
1470 3098 1528 3118 voz
1543 3084 1682 3123 Messages
1696 3082 1803 3112 d’aurre
1815 3088 1893 3118 part,
2013 3117 2018 3122 .
2345 3119 2352 3125 ·

1419 3112 1483 3158 stoit
1496 3127 1606 3157 Tretez
1619 3123 1651 3153 &
1664 3121 1763 3152 Parlez
1774 3119 1817 3149 sur
1829 3127 1950 3149 aucunes
1965 3115 2103 3147 Alliances
2116 3116 2149 3148 &
2158 3115 2418 3161 Confederacions,

1354 3170 1402 3205 qui
1418 3168 1443 3198 se
1458 3167 1598 3196 deueront
1613 3161 1680 3191 faire
1693 3167 1818 3199 parentre
1833 3157 1922 3187 Nous
1933 3157 1967 3188 &
1983 3155 2148 3193 vous,noz
2161 3154 2305 3187 ROialmes
2319 3157 2354 3188 &
2368 3168 2418 3189 au-

1353 3216 1408 3236 tres
1431 3203 1607 3241 SeignurieS,
1626 3209 1662 3229 en
1685 3199 1819 3228 certeines
1831 3196 1956 3227 maniere
1971 3195 2004 3226 &
2019 3194 2147 3232 fourme,
2165 3203 2312 3227 contenuz
2326 3206 2364 3227 en
2375 3197 2416 3229 dit

1352 3244 1459 3274 Tretee
1467 3265 1477 3281 ,
1686 3277 1691 3282 .
1904 3273 1909 3278 ¹
2257 3272 2265 3284 ,

1391 3281 1533 3312 Reseruez
1554 3275 1741 3314 toutesvoies,
1760 3284 1809 3313 par
1820 3272 1936 3311 especial
1951 3272 1984 3303 &
2018 3281 2047 3302 ar
2060 3280 2174 3311 expres,
2191 3270 2233 3301 sur
2247 3271 2370 3307 laccord
2384 3272 2418 3303 fi-

1352 3322 1397 3351 nal
1409 3322 1442 3353 &
1461 3316 1734 3358 Accomplissement
1747 3314 1784 3344 du
1798 3313 1838 3343 dit
1851 3313 1975 3350 Tretee,
2003 3321 2019 3354 a
2032 3310 2171 3354 Volente,
2187 3309 2299 3351 Advys,
2312 3313 2347 3344 ὅς
2363 3311 2418 3344 As-

1353 3360 1506 3392 sentement
1521 3358 1571 3396 de,
1591 3355 1684 3386 nostre
1695 3352 1853 3383 Treschere
1867 3350 1970 3381 Eisriez
1983 3349 2062 3388 Filz,
2077 3349 2103 3379 le
2120 3348 2239 3388 Prince,

1391 3399 1446 3429 Les
1468 3406 1561 3436 queux
1581 3394 1723 3431 Volente,
1742 3392 1854 3430 Advys,
1876 3391 1910 3421 &
1933 3388 2129 3418 Affiznternent
2147 3397 2221 3419 nous
2241 3397 2314 3418 vous
2328 3387 2416 3419 deve-

1354 3439 1424 3468 riens
1446 3435 1584 3473 cerrifier,
1601 3433 1722 3464 dedeinz
1749 3431 1774 3460 le
1792 3431 1853 3467 jour
1872 3428 1908 3458 de
1930 3427 1953 3458 la
1976 3425 2186 3471 Chandeleure,
2205 3427 2353 3465 proschein
2366 3436 2416 3458 ve-

1354 3486 1437 3515 nant,
1452 3475 1547 3506 selonc
1563 3475 1589 3504 le
1602 3479 1718 3511 purport
1732 3470 1765 3500 &
1780 3469 1805 3498 la
1816 3476 1959 3499 contenue
1972 3466 2011 3497 du
2025 3465 2067 3497 dit
2078 3465 2185 3496 Tretee
2199 3475 2207 3496 :

1390 3516 1444 3546 Sur
1458 3523 1549 3554 quoy,

1392 3555 1654 3586 TREscHERE
1677 3555 1729 3579 ΕΤ
1748 3545 1954 3576 TRESAME
1975 3543 2123 3574 Fama
2141 3551 2195 3574 ET
2213 3542 2342 3586 Ιῖηκιἰ
2412 3582 2417 3587 .

1390 3593 1510 3624 Veullez
1525 3590 1612 3620 savoir
1655 3597 1689 3618 ue
1708 3595 1778 3616 nous
1794 3593 1888 3614 avonz
1907 3583 2045 3621 envoiez,
2067 3582 2175 3612 sicome
2194 3580 2260 3611 faire
2277 3580 2417 3623 deumnsr,

1354 3634 1452 3665 devers
1471 3629 1568 3661 nostre
1586 3628 1626 3658 dit
1677 3626 1752 3656 isnez
1773 3623 1852 3661 Filz,
1872 3623 1905 3653 &c
1927 3622 2034 3651 l'avons
2047 3620 2094 3650 fait
2107 3618 2246 3650 monstrer
2260 3626 2323 3649 tout
2339 3617 2366 3648 le
2378 3617 2421 3650 dit

1355 3673 1461 3704 Tretee
1495 3678 1547 3707 pur
1564 3675 1635 3697 nous
1649 3673 1697 3695 erit
1709 3664 1728 3694 si
1749 3661 1827 3693 nifier
1843 3661 1869 3691 sa
1884 3659 2010 3691 Volente
2025 3660 2058 3690 &
2072 3658 2121 3688 son
2136 3656 2250 3701 Advys,

1396 3710 1440 3741 Le
1461 3693 1526 3748 c’iuel
1549 3704 1645 3736 nostre
1663 3703 1703 3734 dit
1745 3702 1820 3732 isnez
1834 3699 1910 3738 Filz,
1929 3709 1983 3729 veu
2004 3698 2037 3728 &
2054 3695 2166 3735 regarde
2179 3695 2203 3724 le
2214 3694 2255 3725 dit
2269 3693 2375 3725 Tretee
2387 3695 2421 3727 &

1357 3750 1400 3780 sur
1421 3759 1455 3779 ce
1473 3757 1507 3778 eu
1531 3753 1628 3774 meure
1649 3742 1681 3773 &
1704 3742 1782 3771 bone
1798 3738 2019 3774 Deliberacion,
2036 3745 2107 3766 nous
2121 3733 2155 3763 ad
2170 3732 2373 3777 expressement
2387 3734 2421 3764 fi-

1357 3787 1461 3828 gnifiez
1498 3794 1545 3822 par
1559 3783 1598 3813 ses
1613 3782 1740 3818 Lettres,
1759 3780 1791 3809 &
1805 3785 1979 3813 autrement,
1992 3784 2046 3812 que
2059 3782 2112 3816 pur
2125 3780 2259 3802 certeines
2273 3771 2422 3810 grosses&

1359 3810 1522 3864 chargeints
1538 3821 1658 3858 Causes,
1675 3820 1723 3857 qui
1742 3828 1757 3847 a
1771 3826 1806 3847 ce
1821 3817 1877 3846 Lui
1896 3820 2046 3849 moevent,
2066 3810 2083 3839 il
2096 3819 2134 3839 ne
2149 3810 2242 3847 veult,
2263 3820 2298 3854 ne
2315 3820 2422 3850 poent,

1361 3865 1477 3903 gardant
1499 3862 1548 3891 son
1565 3859 1670 3889 Honur
1686 3858 1718 3887 &
1733 3855 1827 3892 Estat,
1846 3853 1970 3884 Assentir
1983 3859 2019 3880 ne
2033 3847 2181 3891 Accorder
2196 3859 2229 3878 au
2245 3848 2286 3879 dit
2298 3849 2423 3887 Treree,

1360 3906 1425 3935 einz
1446 3902 1472 3932 se
1497 3898 1660 3928 Desaffente
1680 3896 1713 3926 &
1735 3892 1931 3928 Desaccorde,
1950 3899 1986 3919 en
2006 3896 2129 3931 mamere
2151 3897 2238 3918 come
2254 3898 2324 3918 nous
2336 3897 2425 3918 avons

1359 3944 1409 3975 fait
1424 3938 1562 3971 monstret
1571 3960 1581 3974 ,
1598 3937 1648 3972 &,
1663 3944 1698 3964 en
1712 3933 1814 3972 partie,
1830 3930 1958 3973 declarez
1969 3926 2008 3956 les
2020 3924 2090 3956 dites
2102 3925 2194 3957 causes
2207 3936 2224 3957 a
2235 3926 2349 3958 Sanche
2362 3926 2425 3957 Lo-

1360 3991 1426 4022 pys,
1444 3988 1482 4008 un
1497 3977 1531 4005 de
1543 3983 1601 4005 voz
1616 3972 1758 4010 Meffages
1770 3968 1884 4004 susditz3

1397 4015 1565 4050 Etauffint‚

1400 4057 1609 4088 TRESAME
1629 4048 1779 4079 Furti:
1800 4050 1852 4074 ΕΤ
1872 4041 1990 4080 Fun,

2401 4077 2432 4111 A
