2561 4251
788 194 911 237 ET
992 197 1260 238 ACTA
1345 195 1830 239 PUBLICA.

37 284 116 318 Ann.
132 280 172 314 D.
183 281 317 316 ordinant
334 282 463 322 nequiter
481 280 516 314 ὃς
534 289 701 320 proponunt
714 306 724 318 ,
748 282 826 314 unde
851 282 976 320 ipsorum
1002 281 1124 313 Malitiae
1137 305 1147 321 ,
1176 292 1246 314 cum

60 323 146 363 1386.
186 325 285 362 majori
296 321 429 354 Potentia
443 320 609 351 Hominum
622 321 852 359 defensabilium,
867 321 966 352 divino
979 322 1083 352 auxilio
1100 321 1251 359 mediante,

36 365 88 393 Ric.
108 372 134 392 2.
187 361 330 394 Refistere
347 361 434 399 magis
455 369 475 389 o
495 361 617 398 ortebit,
633 361 688 398 ne,
705 370 756 397 per
776 360 1006 391 SubtraCtionem
1027 359 1129 397 Populi
1146 359 1251 391 Patria—

185 411 252 432 rum
267 400 473 438 adjacentium,
523 397 597 429 ostes
616 398 654 428 illi
677 409 714 428 eo
727 399 826 436 citius,
842 398 921 436 quod
935 398 1021 436 absit,
1040 398 1175 437 Regnum
1197 409 1250 428 no-

183 438 274 470 strum
288 438 396 469 temere
410 436 518 475 ingredi
531 437 716 474 praesumant,

221 477 295 508 Tibi
313 475 465 507 districtius
485 485 546 514 quo
566 476 722 513 poterimus
745 474 950 513 Praecipimus,
967 474 1085 505 firmiter
1101 475 1251 512 injungen-

183 525 242 553 tes,
260 514 342 553 quod
361 514 390 545 in
411 514 430 534 ²*
452 513 566 552 singulis
586 513 658 543 locis
680 511 845 543 Comitatus
864 514 921 549 tui,
939 513 987 542 ubi
1004 514 1105 544 melius
1120 515 1251 551 expedire

183 554 303 591 videris,
322 554 438 592 publice
459 552 629 591 proclamari
647 551 732 581 facias
755 551 837 589 quod
857 561 961 581 omnes
975 553 1009 582 &
1031 553 1130 596 linguli
1146 552 1251 583 Milites

182 594 217 625 &
237 592 382 632 Armigeri
404 591 527 630 ejusdem
551 587 734 628 Comitatfis‚
752 589 955 628 cujuscumque
978 589 1165 621 Conditionis
1188 591 1251 621 fue·

180 639 238 662 nnt

215 655 348 707 Eirceptis
367 666 547 699 Hominibus
565 665 601 697 de
623 665 804 705 Retinentia,
822 666 953 698 cariffimi
976 667 1122 698 Avunculi
1144 666 1250 705 nostri,

175 708 315 748 Johannis
338 707 424 745 Regis
446 704 580 735 Castellae
602 707 635 737 ὅτ.
661 705 796 744 Legionis
819 705 912 736 Ducis
937 705 1126 744 Lancastriae,
1145 708 1194 745 qui
1215 706 1250 736 ad

179 757 270 786 partes
284 747 418 783 Ispanniae
431 754 500 774 cum
514 743 636 774 Persona
651 743 696 774 sua
713 744 939 782 proficiscentur,

216 786 279 817 Sub
293 783 482 815 Forisfac‘tura
496 783 654 813 Terrarum
669 784 701 814 ὃς
724 782 977 814 Tenementorum
997 781 1114 813 suorum
1136 783 1166 812 in
1187 780 1251 812 Co-

178 827 278 855 mitatu
292 822 430 860 praedisto
445 820 581 852 resideant
595 822 629 852 &
644 831 810 858 morentur,

215 863 253 893 Et
271 860 353 899 quod
376 861 502 899 prompti
525 861 577 891 sint
598 861 631 890 &
653 861 740 897 parati
761 869 794 890 ac
814 859 918 889 arraiati
943 858 976 889 ad
992 858 1195 889 Resistendum
1214 859 1249 890 δί

178 899 444 938 proficiscendum,
470 898 507 929 de
529 907 660 935 tempore
680 899 711 927 in
734 906 866 934 ternpus,
884 907 951 926 cum
972 896 1148 927 Custodibus
1169 896 1251 927 Mar-

178 940 307 969 chiarum
325 938 449 976 Scotiae,
465 945 565 967 contra
576 936 669 966 dietos
685 935 820 966 Inimicos
833 934 1099 973 nostros‚quotiens
1114 936 1148 965 ὃς
1160 945 1250 972 quan-

177 977 218 1007 do
234 987 283 1016 per
296 977 386 1015 ipsos,
404 976 451 1006 seu
465 984 566 1006 eorum
581 974 722 1013 aliquem,
738 983 772 1004 ex
788 984 872 1012 parte
881 973 995 1012 nostra,
1008 974 1112 1004 fuerint
1125 983 1248 1011 praemu-

178 1025 231 1046 niti

215 1040 253 1085 Ei
277 1051 358 1091 quod
379 1051 416 1083 ad
435 1051 536 1089 aliquas
554 1051 617 1082 alias
638 1049 762 1082 Guerras
784 1059 859 1082 extra
878 1051 908 1082 se
917 1051 1027 1082 trahere
1041 1050 1086 1081 seu
1100 1049 1251 1088 recedere,

180 1093 230 1124 sub
243 1092 342 1122 eadem
358 1090 564 1127 Forisfa&ura,
581 1099 642 1120 non
658 1090 825 1128 praesumant
840 1092 942 1129 quovis
957 1090 1053 1120 modo.

218 1130 309 1162 Teste
322 1128 410 1168 Rege
422 1132 498 1168 apud
509 1127 771 1168 Wstmonasterium
779 1151 788 1167 ,
802 1128 939 1160 vicesimo
953 1129 1074 1167 septimo
1088 1127 1135 1158 die
1143 1127 1251 1158 Martii.

33 513 50 531 θ
73 514 141 542 VII.

33 554 99 588 506.

893 1208 948 1235 Per
964 1203 1118 1235 Concilium.

179 1282 351 1315 Confirnilia
365 1282 466 1315 Brevia
479 1281 635 1352 dirigunssn
650 1281 879 1352 νίεςὲοἶςιίῑίὺυε
892 1282 1068 1320 subscriptis,
1085 1280 1136 1311 sub
1151 1279 1251 1310 eadem

619 1330 679 1360 ata3
698 1332 727 1354 vi
749 1332 763 1353 e
775 1330 849 1360 icet,

182 1402 211 1430 V
210 1402 337 1430 icecomiti
351 1396 564 1429 Northumbriae
572 1422 582 1436 ,

180 1441 208 1469 V
210 1441 336 1468 icecomiti
350 1436 577 1479 Wstmerlandiae
583 1459 594 1476 ,
624 1402 653 1512 }

180 1480 339 1508 Vicecomiti
352 1477 488 1507 Cambriae
495 1500 506 1514 ,

678 1416 792 1449 Omissa
813 1415 859 1448 illa
877 1414 1025 1453 Clausala,
1043 1416 1175 1454 Exceptis
1192 1415 1254 1444 Ho-

678 1456 812 1494 minibus,
826 1454 889 1490 &a

182 1552 345 1632 ConfiJniIe
364 1551 455 1587 Breve
474 1552 619 1592 dirigitur,
638 1551 800 1584 Venerabili
822 1550 914 1590 Patri,
936 1550 974 1590 J.
1000 1549 1126 1591 Epifiopo
1146 1549 1254 1580 Dunol-

215 1603 274 1623 men
285 1603 305 1620 l·

184 1722 233 1760 De
253 1717 399 1755 Navibus
415 1722 453 1758 ὢ·
470 1721 660 1753 Marinariis
675 1717 858 1762 aristandis,
880 1729 936 1765 pro
952 1722 990 1752 V
987 1722 1067 1767 iagio
1086 1718 1253 1769 Hyberniae.

38 1825 114 1858 Ann.
124 1824 168 1856 D·
183 1803 524 1863 REX2dilectosibi,
545 1802 694 1849 Wiiiiqlmo
709 1803 898 1843 mithewiz,
917 1783 1054 1835 satutem.
1120 1845 1125 1850 ¹

282 1844 379 1875 Sciatis
405 1844 487 1881 quod
512 1843 709 1883 affignavimus
732 1841 780 1873 Te
801 1843 837 1874 ad
856 1852 899 1874 tot
919 1843 1020 1874 Naves
1037 1845 1071 1875 ὃς
1091 1843 1143 1875 alia
1161 1844 1231 1876 Vasa
1245 1868 1255 1884 ,

33 1865 144 1940 A1n3896.
184 1890 257 1920 quot
279 1893 334 1921 pro
358 1880 490 1922 Paffagio
516 1891 664 1914 certorum
690 1881 859 1914 Hominum
878 1881 912 1912 ad
932 1882 1020 1913 Arma
1039 1883 1072 1913 &
1091 1883 1254 1923 Sagittario-

32 1947 65 2009 }
85 1946 114 1971 ²2
185 1930 270 1990 ιμ’-Ἓξ,
289 1958 469 1998 Retinenda,
487 1957 621 1990 carissimi
638 1957 753 1989 Consan
775 1959 849 1990 uinei
869 1959 959 1990 nostri
994 1959 1106 1989 Roberti
1124 1960 1156 1990 de
1170 1962 1255 2000 Veer,

33 1989 156 2057 15³2·ng
187 1997 365 2043 Marchionis
379 1998 546 2043 Dubliniae,
563 1999 598 2030 &
611 1997 738 2029 Comitis
751 1967 895 2042 ¹Oxou—12³,
911 1981 1110 2035 exisiemfflm,
1133 2038 1137 2043 .

33 2067 72 2092 m.
90 2067 134 2094 ¹9·
162 2042 169 2050 ·
223 2037 309 2076 Qios
323 2037 400 2068 idem
416 2036 552 2068 Marchio
565 2036 600 2067 ad
615 2046 705 2074 partes
719 2036 888 2076 Hiberniae,
907 2047 961 2075 pro
978 2036 1199 2068 Gubernatione
1219 2039 1254 2070 δε

184 2075 365 2108 Defensione
378 2076 502 2115 ejusdem
511 2098 521 2115 ,
538 2075 678 2106 destinare
691 2074 828 2114 voluerit,

221 2114 361 2146 Sufficere
376 2124 526 2154 poterunt,
544 2115 576 2145 in
589 2113 679 2145 Portu
691 2113 775 2146 Villae
791 2114 896 2146 nostrae
909 2114 1056 2146 Bristolliae
1065 2114 1256 2147 Arestandum

183 2155 219 2187 δί
234 2152 436 2194 Capiendum,

218 2190 353 2224 Necnon
374 2192 409 2223 ad
431 2201 476 2224 tot
496 2191 682 2231 Marinarios,
700 2199 773 2231 quot
797 2200 851 2230 pro
866 2190 1002 2224 Navibus
1017 2193 1051 2224 δε
1066 2192 1144 2223 Vasis
1158 2193 1256 2232 hujus-

183 2231 266 2263 modi
284 2231 429 2262 neceffarii
449 2231 570 2269 fuerint,
589 2230 713 2262 fimiliter
736 2230 931 2269 lingendum,
949 2231 984 2262 ὃς
1005 2240 1054 2261 eos
1079 2232 1108 2261 in
1124 2232 1200 2263 Vasis
1221 2233 1254 2263 &

185 2269 320 2302 Navibus
334 2270 474 2308 praedietis
488 2269 673 2308 ponendum,
693 2271 723 2300 in
737 2269 843 2301 eisdem
855 2269 890 2299 ad
908 2278 997 2307 partes
1040 2270 1184 2309 raedid‘tas,
1201 2281 1255 2310 pro

184 2308 282 2341 vadiis
300 2310 381 2348 ipiius
399 2307 594 2348 Marchiouis‚
612 2310 651 2340 eis
673 2310 808 2348 prompte
829 2310 863 2341 &
883 2309 1023 2340 rationabi
1034 2310 1085 2340 iter
1097 2308 1255 2348 solvendis²

186 2347 383 2387 profeisturos,

221 2386 372 2425 Navibus,
391 2385 486 2424 Vafis,
502 2386 536 2418 &
551 2385 711 2417 Marinariis
723 2386 788 2424 illis,
805 2386 853 2424 qui
886 2396 919 2416 ro
933 2384 1052 2425 Viagio,
1070 2385 1201 2427 cariffimi
1216 2387 1257 2418 A-

187 2426 306 2457 vunculi
325 2425 434 2463 nostri,
448 2425 591 2464 Johannis
610 2428 690 2462 Regis
711 2423 834 2462 Castellae
848 2395 886 2460 ἑ
899 2428 1025 2463 Legionis
1040 2425 1131 2456 Ducis
1147 2425 1257 2457 Lanca-

186 2462 277 2534 ίέῐίρε,
297 2465 390 2509 yersus
409 2474 500 2502 partes
521 2462 658 2502 Ispanniae
680 2464 810 2502 primitus
832 2463 942 2495 arestati
966 2463 1099 2503 fuerunt,
1114 2463 1258 2496 dumtaxat

216 2512 267 2533 xce
289 2512 321 2534 tis

192 2559 194 2562 -
224 2514 444 2573 Etpad’omnes
465 2541 543 2580 illos,
561 2551 634 2579 quos
651 2541 682 2571 in
702 2541 756 2571 hac
777 2548 854 2579 parte
869 2539 1039 2572 Contrarios
1053 2542 1192 2572 inveneris
1211 2542 1257 2574 seu

187 2578 342 2619 Rebelles,
361 2580 547 2611 Arestandum
561 2581 595 2611 &
609 2579 810 2618 Capiendum‚
828 2581 861 2611 ὃς
882 2579 1003 2610 Prisonis
1015 2580 1117 2610 nostris
1140 2580 1258 2611 Manci-

186 2619 332 2659 pandum,
351 2620 379 2649 in
395 2619 499 2650 eisdem
515 2627 688 2657 moraturos,
706 2619 853 2657 quousque
865 2619 902 2649 de
916 2628 1018 2650 eorum
1035 2619 1188 2651 Punitione
1203 2620 1256 2651 ali-

188 2667 233 2689 ter
250 2657 411 2688 duxerimus
426 2658 637 2696 ordinandum,

228 2695 266 2727 Et
288 2697 356 2727 ideo
376 2697 428 2727 tibi
448 2696 637 2735 Praecipimus
659 2695 739 2734 quod
759 2697 834 2727 circa
855 2695 1000 2726 Praemiffa
1014 2706 1082 2726 cum
1097 2698 1179 2731 omni
1195 2697 1258 2728 dili-

188 2733 288 2773 gentia
301 2735 447 2773 intendas,
465 2736 498 2767 &
512 2745 544 2766 ea
558 2735 641 2766 facias
657 2736 690 2766 &
705 2735 847 2772 exequaris
863 2736 892 2764 in
907 2734 1000 2765 forma
1016 2734 1165 2772 praedicta:

229 2771 342 2804 Damus
363 2782 458 2803 autem
482 2774 613 2804 universis
636 2774 670 2805 δε
687 2773 797 2812 singulis
813 2772 1060 2812 Vicecomitibus,
1082 2773 1258 2812 Majoribus,

190 2810 320 2849 Ballivis,
337 2810 492 2848 Ministris,
511 2812 669 2848 Dominis,
688 2811 851 2850 Magistris,
871 2811 1029 2842 Marinariis
1048 2811 1199 2851 Navium,
1224 2824 1257 2844 ac

188 2850 247 2879 aliis
269 2849 410 2880 Fidelibus
432 2851 466 2881 &
480 2850 604 2881 Subditis
619 2849 738 2889 nostris,
756 2851 815 2880 tam
832 2851 900 2880 infra
917 2851 1088 2889 ubertates,
1106 2854 1194 2889 quam
1210 2862 1260 2882 ex-

188 2897 247 2926 tra,
270 2888 390 2920 Tenore
411 2887 620 2926 Praesentiurn,
645 2887 763 2918 firmiter
782 2890 810 2918 in
832 2888 1004 2927 Praeceptis,
1031 2890 1112 2927 quod
1133 2891 1201 2927 tibi,
1229 2892 1257 2920 in

188 2926 369 2958 Executione
390 2927 627 2966 Praernifforum,
652 2926 833 2958 Intendentes
854 2928 923 2966 sint,
947 2926 1151 2967 Consulentes,
1175 2929 1260 2960 Obe—

187 2965 313 3004 dientes,
331 2967 365 2998 δε
388 2965 576 3004 Auxiliantes,
596 2967 728 3003 quotiens
750 2966 784 2997 ὃς
809 2975 894 3005 prout
909 2967 964 3005 eis,
982 2967 1028 2997 seu
1041 2977 1143 2998 eorum
1157 2968 1258 3007 alicui,

188 3004 258 3035 scire
271 3004 371 3035 feceris
386 3013 420 3035 ex
436 3013 514 3042 parte
527 3005 634 3036 nostra.

262 3042 296 3073 Iri
310 3044 404 3081 cujuS‚
424 3044 486 3076 &c.

201 3079 318 3126 „Teste
339 3081 424 3121 Rege
446 3081 521 3120 apud
537 3080 816 3122 Wstmonasterium‚
833 3081 973 3115 vicesimo
985 3083 1094 3116 οᾶὶανο
1109 3082 1155 3116 die
1176 3083 1257 3116 Mar-

186 3128 227 3152 tu.

249 3195 347 3227 Odem
370 3195 460 3227 modo
482 3196 651 3236 affignantur
670 3197 817 3236 Johannes
832 3198 928 3230 Stanle
951 3198 1105 3239 Chivaler,
1124 3201 1259 3230 Henricus

270 3238 401 3275 Conewey
414 3234 568 3273 Chivaler‚
585 3235 752 3266 Willielmus
765 3237 939 3276 Frodesbam,
957 3239 990 3270 ὃς
1005 3237 1151 3277 Johannes
1174 3243 1260 3269 Stan-

187 3272 258 3303 lowe
295 3274 492 3311 conjunctim,
510 3274 543 3304 &
564 3274 690 3312 divisim,
708 3276 742 3305 ad
763 3284 807 3306 tot
830 3276 947 3314 Naves,
965 3277 1026 3310 &a
1045 3278 1075 3307 in
1088 3277 1260 3310 Northwal-

186 3311 239 3349 lia,
259 3296 408 3356 fiurneus,
425 3310 617 3355 Coupelond,
635 3313 669 3344 &
688 3314 718 3343 in
741 3312 936 3345 Comitatibus
955 3314 1074 3346 Cestriae
1099 3317 1132 3347 ὅς
1150 3317 1258 3348 Lanca-

188 3349 279 3388 stri-ae,
297 3359 356 3382 tam
370 3350 443 3380 infra
459 3350 633 3390 Libertates,
652 3353 740 3389 quarn
756 3360 849 3390 extra,
867 3352 1060 3384 Arestandum
1075 3354 1110 3385 δε
1133 3353 1259 3394 Capien-

187 3388 274 3426 dum,
291 3387 352 3423 ὀνο.
371 3387 504 3427 utsicpra.

226 3426 318 3458 Teste
333 3427 463 3466 utsupra.

250 3500 350 3532 Odem
365 3502 457 3534 modo
469 3503 640 3541 affignantur
655 3503 820 3536 Willielmus
836 3505 1013 3536 Whitheved
1045 3505 1192 3545 Johannes
1206 3509 1259 3538 Po·-

267 3540 330 3580 (yn,
348 3542 389 3586 &¹
402 3540 547 3585 Johfmnes
568 3543 660 3587 Hayly
681 3544 716 3574 de
740 3544 894 3582 Bristollia,
913 3545 946 3575 ad
960 3555 1005 3576 tot
1017 3530 1134 3584 ixlaves,
1150 3545 1211 3580 &a
1229 3549 1259 3577 in

187 3576 332 3611 Portubus
344 3578 511 3619 Bristolliae,
530 3579 736 3622 Briggewater,
755 3582 947 3622 Chepstowe,
967 3585 1000 3615 &
1014 3585 1174 3616 Axewater.

39 3721 58 3740 ⁸
78 3722 147 3752 VII.
189 3704 211 3727 ῃ
235 3707 286 3739 De
311 3701 479 3748 Navibm>
504 3707 652 3752 Barg01‘5‚
675 3710 711 3744 (ῥ’
738 3707 906 3754 Balingeris
935 3709 1119 3754 uastandis,
1154 3721 1257 3745 contra

40 3769 108 3796 507.
516 3754 703 3797 Invefionem
723 3755 923 3791 Gallicorum.

39 3844 117 3875 Ann-
132 3844 172 3876 D,
193 3836 329 3893 REX,
344 3839 451 3871 dile&o
467 3839 533 3877 fibi,
551 3838 658 3869 Thomae
675 3837 773 3877 Mille,
791 3839 930 3872 Servienti
944 3841 994 3873 suo
1007 3843 1041 3874 ad
1056 3843 1160 3882 Arma,
1178 3843 1258 3875 Salu-

39 3884 152 3956 52336
228 3885 329 3944 Scitaesm
322 3901 421 3955 quod,
439 3925 471 3948 ut
488 3917 667 3960 accepimus,
685 3915 800 3946 Inimici
818 3910 910 3948 no‘stri
928 3919 1071 3958 Franciae,
1091 3921 1124 3951 δε
1144 3921 1188 3951 alii
1205 3921 1256 3952 sibi

38 3964 68 3988 R.
90 3971 117 3990 2,
187 3949 391 4020 ffhaergjnies³
409 3956 589 4000 accumulato
605 3955 656 3985 fibi
671 3963 735 3985 toto
750 3953 837 4000 Posi-“e
851 3956 919 3995 su0,
938 3959 1008 4003 tzim-
1021 3959 1054 3988 ad
1077 3958 1182 4003 Villam
1202 3970 1256 3991 no-

37 4001 127 4066 ξνῗῗ·
133 4007 173 4065 ,Ξῖ
186 4000 274 4059 duam
294 3992 957 4073 ςέὲῗῖἰιέἀὸἑὲἒξιῖὲῗῖῗαῗῖιξοὲἲὲῖἕῗεῗοὲἶὲῗ,
971 3998 1077 4066 ἓξιάῗῖἓ
1086 3997 1256 4067 ’sssiffl‘ii‘lt

185 4052 970 4141 satiasses-<tissasnesasrdffldffl
984 4075 1017 4106 ἃ
1061 4073 1255 4114 ‘eumdum’

580 4120 600 4140 u
671 4120 680 4140 ι
816 4120 867 4147 ur,

2286 212 2366 252 197

2377 283 2454 315 Ann.
2470 281 2512 316 Ῑ).

1328 319 1466 350 Volentes
1490 319 1632 358 Dampnis
1653 322 1686 352 δε
1713 319 1848 351 Periculis
1864 345 1874 359 ‚
1907 331 1971 361 quae
1999 324 2058 353 tam
2078 320 2178 353 Nobis
2199 324 2233 354 &
2252 323 2359 363 Regno
2402 323 2486 362 1386-

1292 358 1394 389 nostro
1409 381 1417 396 ,
1445 369 1530 396 quarn
1546 360 1641 390 eidem
1662 359 1744 390 Villae
1761 359 1882 398 Calesii,
1908 371 1940 391 ac
1961 360 2066 391 Castris
2085 363 2117 392 δε
2141 363 2288 393 Fortaliti'is
2308 364 2361 393 ibi-
2379 364 2434 389 Ric-
2450 373 2475 388 2⁴

1292 397 1360 427 dem
1376 419 1385 434 ‚
1413 407 1447 426 ex
1466 398 1610 428 ditiorum
1631 398 1820 429 Inimicorum
1839 398 2005 429 nostrorum
2022 400 2220 439 Aggreffibus,
2249 403 2363 432 evenire

1293 444 1445 473 poterunt,
1466 437 1515 465 viis
1533 437 1566 467 &
1586 438 1679 467 modis
1698 438 1799 474 quibus
1815 439 1989 475 poterimus,
2006 440 2140 476 obviare,

1329 473 1378 503 De
1400 474 1516 504 Assensu
1537 476 1571 504 ὃ(
1590 476 1774 505 Avilamento
1794 474 1922 506 Concilii
1937 477 2025 506 nostri
2043 477 2250 516 Affignavimus
2264 478 2313 508 Te
2328 477 2363 509 ad

1294 520 1399 542 omnes
1419 512 1519 542 Naves
1536 522 1749 550 competenteS,
1766 514 1801 544 dc
1821 513 1967 545 Admiratu
1986 515 2183 556 Occidentali,
2210 516 2245 546 de
2264 516 2365 547 Porta-

1293 551 1342 588 gio
1359 550 1507 589 Sexaginta
1526 550 1682 581 Doliorum
1699 552 1732 582 &
1752 553 1837 590 ultra,
1862 563 1896 584 ac
1913 555 1999 583 etiam
2018 554 2053 584 ad
2071 563 2172 584 omnes
2193 554 2309 592 Bargeas
2328 556 2361 586 &

1294 587 1451 626 Balingeras
1467 590 1503 619 de
1518 589 1622 618 eodeni
1644 589 1790 620 Admiraru
1804 613 1814 628 ,
1840 592 1900 621 tam
1917 592 1986 622 infra
2005 592 2178 631 Libertates,
2207 596 2295 632 qu'am
2313 602 2362 625 ex-

1294 634 1352 663 tra,
1373 627 1560 658 Arestandum
1580 629 1612 659 ὅτ.
1633 626 1813 665 Capiendum
1828 652 1838 666 ,

1331 665 1461 696 Necnon
1477 667 1512 696 ad
1527 676 1570 696 iot
1587 665 1774 702 Marmaricis,
1792 677 1863 704 quot
1883 677 1935 704 pro
1954 667 2103 706 Navibus,
2120 669 2245 709 Bargeis,
2263 670 2296 701 ὃ(
2309 669 2363 700 Ba-

1292 702 1404 741 lingeris
1424 704 1564 741 praedietis
1580 705 1723 734 neceliarii
1742 705 1846 735 fuerint
1864 729 1872 741 ‚
1906 705 2029 737 (imiliter
2048 707 2224 744 liligendum
2242 710 2275 739 ὃς
2303 709 2363 739 Ca·-

1293 742 1431 810 fJiendugri
1447 766 1456 779 ,
1483 746 1516 774 ὅς
1535 753 1585 773 eos
1603 744 1633 773 in
1657 742 1790 774 Navibus
1804 766 1814 782 ,
1838 742 1949 783 Bargeis
1962 768 1971 782 ,
1996 747 2029 776 ὅε
2048 746 2197 785 Balingeris
2221 746 2363 784 praedictis

1318 790 1393 809 ouen
1417 791 1464 810 um
1475 803 1483 817 ,

1330 817 1367 848 Et
1385 821 1419 848 ad
1438 819 1547 848 ealdern
1565 818 1683 856 Navm,
1710 818 1843 857 Bargeas,
1869 821 1902 851 δε
1922 820 2094 859 Balinszeras,
2111 825 2166 853 unu
2186 833 2255 854 cum
2272 823 2362 854 Mari-

1294 857 1376 887 nariis
1393 858 1553 894 praedic'tis,
1580 858 1614 887 ad
1635 857 1723 888 Vadis
1742 858 1835 887 nostra
1852 882 1862 897 ,
1887 859 1972 896 usqne
1991 860 2110 890 Portum
2130 862 2261 892 nostrum
2281 862 2364 893 Lon·-

1293 894 1406 933 donne,
1423 906 1490 925 curri
1502 896 1584 925 omni
1599 895 1775 926 festinatione
1815 907 1847 926 ua
1865 897 1924 927 fieri
1941 900 2060 936 poterit,
2077 901 2174 930 venire
2189 901 2364 939 faciendum,

1293 933 1327 963 ad
1348 932 1591 965 Proficiscendum
1609 935 1728 972 abinde,
1747 935 1776 964 in
1832 935 1978 973 bsequium
1999 938 2148 975 nostrum,
2173 940 2201 968 in
2220 938 2365 969 Resisten-

1293 973 1332 1002 tia
1353 971 1472 1002 Malitiae
1492 972 1683 1003 Inimicorum
1702 973 1867 1003 nostrorum
1888 975 2089 1011 praedietorum
2105 1000 2114 1014 ‚
2139 977 2172 1006 &
2191 978 2220 1006 in
2238 978 2363 1008 Succur-

1293 1010 1353 1078 [[1ῐῖιῖ
1373 1011 1522 1079 cfujuilibet
1539 1012 1597 1042 loci
1616 1011 1711 1051 Regni
1729 1011 1817 1042 nostri
1836 1013 1869 1044 &
1887 1012 2068 1045 Obedientiae
2086 1014 2208 1052 nostrae,
2228 1025 2298 1046 cum
2313 1026 2361 1047 ne-

1293 1058 1327 1080 ce
1353 1059 1368 1079 e
1400 1058 1469 1080 uerit

1330 1072 1485 1126 Navibus,²
1510 1088 1603 1125 Vasis,
1620 1089 1653 1119 ὃς
1675 1088 1833 1118 Marinariis
1852 1099 1904 1127 pro
1924 1089 2048 1128 Viagio,
2065 1090 2199 1121 cariffimi
2218 1090 2362 1122 Avunculi

1295 1125 1384 1168 nostri
1398 1151 1406 1164 ,
1442 1126 1584 1165 Johannis
1609 1130 1687 1165 Regis
1711 1127 1831 1166 Callellae
1858 1127 1896 1163 «θ’
1916 1132 2040 1166 Legionis
2060 1128 2152 1161 Ducis
2170 1130 2365 1168 Lancastriae‚

1293 1167 1385 1195 verius
1405 1165 1499 1196 Partes
1518 1165 1654 1203 Ilpanniae
1669 1190 1679 1204 ,
1703 1168 1777 1203 prius
1795 1165 1934 1204 metiaris,
1961 1178 1994 1198 ac
2013 1169 2097 1198 eriam
2118 1167 2269 1206 Navibus,
2295 1168 2363 1198 Bar-

1293 1204 1372 1247 geis,
1390 1205 1423 1235 ὃτ,
1441 1204 1609 1243 Bahngeris,
1625 1204 1662 1234 de
1679 1204 1818 1243 Quinque
1836 1203 1978 1237 Portubus
1997 1206 2114 1245 nostru,
2143 1207 2286 1238 dumtaxat
2304 1206 2364 1237 Ex-

1293 1250 1399 1279 ceptis,

1334 1279 1370 1309 Et
1386 1279 1420 1311 ad
1439 1290 1541 1311 omnes
1560 1280 1639 1319 illos,
1663 1291 1736 1319 quos
1755 1282 1783 1311 in
1802 1280 1855 1311 hac
1872 1290 1950 1319 parte
1970 1281 2137 1313 Contrarios
2159 1284 2299 1314 inveneris
2317 1283 2363 1315 seu

1294 1317 1445 1358 Rebelles,
1469 1319 1658 1350 Arestandum
1676 1321 1709 1351 δε
1729 1319 1929 1359 Capiendum,
1947 1319 2008 1356 &a
2020 1329 2101 1360 prout
2117 1325 2147 1351 in
2164 1322 2291 1364 ejufinodi
2308 1325 2362 1352 Li-

1293 1361 1368 1386 teris.

1370 1395 1403 1424 In
1418 1396 1513 1433 cujus,
1530 1397 1590 1428 &o

1296 1433 1422 1503 tnTeste
1438 1435 1520 1474 Rege
1537 1434 1611 1473 apud
1632 1433 1910 1475 Wstmonasterium,
1941 1435 2077 1468 vicesimo
2092 1436 2201 1469 ostavo
2217 1437 2263 1469 die
2281 1437 2365 1469 Mar-

1309 1483 1327 1501 11

1321 281 1392 313 Nos
1400 306 1410 318 ,

1299 1547 1418 1617 RFiX
1436 1548 1545 1580 dilecto
1559 1549 1608 1580 sibi
1626 1548 1757 1588 Johanni
1773 1549 1881 1580 Orwell
1897 1549 2036 1582 Servienti
2051 1551 2101 1583 suo
2119 1551 2154 1583 ad
2173 1551 2262 1584 Arma
2276 1576 2287 1593 ,
2311 1553 2362 1585 Sa-

1390 1598 1476 1617 utem.

1333 1624 1426 1665 Scias,
1442 1624 1503 1660 &a
1522 1633 1553 1656 ut
1564 1625 1649 1666 fiipra
1667 1626 1748 1667 usque
1760 1626 1815 1664 ibi,
1833 1635 2031 1664 competentes
2045 1627 2081 1658 de
2097 1627 2245 1660 Admiratu
2257 1629 2366 1660 boreali

1296 1662 1332 1693 de
1351 1664 1504 1703 Portagio²
1522 1663 1582 1699 ὀνο.
1601 1663 1682 1705 usque
1698 1666 1735 1695 ibi
1768 1666 1845 1703 priris
1862 1665 2000 1704 arestatis,
2026 1665 2064 1700 ό
2083 1673 2147 1696 tunc
2158 1666 2215 1707 fic,
2239 1678 2271 1698 ac
2290 1669 2362 1698 veris

1297 1701 1485 1747 Piscatoribus
1503 1703 1539 1734 de
1556 1704 1713 1743 Blalteriey,
1731 1688 1823 1744 Oley,
1850 1701 2030 1743 Croumere,
2053 1706 2085 1736 ἂ
2105 1705 2162 1736 aliis
2181 1705 2306 1737 Partibus
2322 1707 2365 1737 vi-

1298 1751 1370 1772 cinis
1389 1743 1534 1773 dumtaxat
1553 1742 1702 1782 Exceptis,
1722 1741 1783 1778 &c.
1804 1749 1835 1772 ut
1847 1744 1941 1782 supa.

1336 1780 1426 1811 Teste
1446 1791 1477 1812 ut
1494 1782 1585 1819 supra.

1298 1910 1347 1941 De
1362 1909 1601 1942 Proclamatione
1620 1910 1781 1943 Bullarnm
1804 1913 1887 1956 Papae
1898 1937 1908 1952 ,
1929 1921 1985 1956 pro
2003 1913 2080 1958 Rege
2103 1909 2246 1953 Castellae,
2263 1919 2369 1943 contra

1414 1960 1546 1992 Henrici
1559 1956 1702 2002 Bastardi·
1717 1960 1852 1997 Filium,-
1874 1964 1911 1998 ω’·
1934 1968 2037 1991 contra
2056 1961 2257 2006 Antipapam.

1299 2040 1419 2100 REX
1435 2042 1583 2074 Omnibus
1594 2044 1628 2075 &
1642 2043 1681 2075 fin
1706 2043 1758 2074 ulis
1771 2041 2022 2082 vicecomitibus,
2042 2042 2221 2083 Majoribus,
2239 2043 2367 2084 Ballivis,
2386 2043 2461 2074 Ann.
2472 2043 2512 2075 D,

1374 2082 1534 2119 Ministris,
1552 2083 1587 2114 &
1599 2083 1656 2113 aliis
1671 2054 1814 2114 ngdelibus
1828 2083 1895 2122 suis,
1912 2084 1972 2113 tam
1989 2083 2059 2113 infra
2083 2083 2256 2122 Libertates,
2277 2085 2366 2123 quarn
2406 2083 2493 2123 1386.

1296 2129 1390 2159 extra,
1408 2122 1443 2152 ad
1456 2132 1545 2160 quOS,
1563 2123 1624 2154 &c.
1644 2122 1779 2155 Salutem.
2384 2127 2436 2151 An.
2453 2132 2482 2159 9.

1335 2158 1437 2197 Cum,
1453 2160 1647 2192 Sanctiffimus
1666 2163 1694 2191 in
1714 2159 1832 2191 Christo
1853 2159 1953 2199 Pater,
1971 2161 2004 2192 δε
2022 2159 2171 2191 Dominus
2184 2160 2296 2200 noster,
2314 2164 2368 2191 Ur·
2385 2166 2415 2190 R.
2433 2172 2459 2189 2.

1296 2197 1400 2238 banus,
1420 2197 1532 2231 Divina
1547 2198 1748 2238 Providentia,
1765 2201 1843 2238 Papa
1857 2202 1971 2238 Sextus,
1990 2209 2039 2238 per
2054 2198 2143 2230 Bullas
2160 2199 2216 2230 suas
2238 2200 2367 2238 Aposto-
2384 2204 2480 2237 Pat.9.

1295 2236 1380 2276 licas,
1398 2237 1472 2268 sanas
1487 2239 1519 2269 &
1536 2240 1672 2278 integras,
1693 2240 1727 2270 &
1740 2239 1825 2268 omni
1838 2239 1909 2268 vitio
1921 2239 1954 2269 &
1969 2238 2120 2275 suspitione
2142 2237 2249 2269 sinistra
2267 2249 2367 2270 careri·
2383 2243 2411 2266 R·
2422 2243 2481 2275 2-p-

1297 2284 1355 2315 teS,
1374 2278 1544 2310 concefferit
1559 2278 1679 2310 diversas
1702 2277 1921 2315 Absolutiones,
1942 2276 2179 2316 Pardonationes,
2196 2279 2229 2309 &
2254 2277 2368 2308 Remis·
2386 2287 2413 2305 ²-
2429 2286 2465 2305 m·
2478 2274 2519 2303 ¹3⁶

1298 2314 1406 2354 siones,
1421 2327 1455 2347 ac
1478 2317 1528 2348 alia
1548 2316 1756 2355 quamplurima
1781 2315 1970 2355 Indulgentias
1990 2317 2024 2347 ὃς
2048 2315 2214 2354 Privilegia‚
2231 2317 2369 2348 omnibus

1299 2354 1334 2385 ὃς
1349 2354 1476 2393 singulis,
1494 2354 1606 2386 Christi
1620 2355 1779 2393 Fidelibus,
1798 2364 1943 2386 certorum
1959 2354 2132 2394 Regnorum
2147 2356 2181 2387 &
2194 2354 2369 2395 Terrarum,

1299 2394 1329 2423 in
1344 2392 1429 2424 Bullis
1443 2395 1585 2432 praedic-Cris
1597 2394 1839 2433 specificatorum,
2352 2404 2354 2406 ’

1338 2431 1432 2471 [Qui]
1452 2434 1481 2463 in
1500 2433 1646 2464 Auxilium
1657 2458 1665 2472 ,
1681 2433 1797 2471 Opem,
1815 2433 1849 2464 &
1864 2432 2042 2470 Subsidium,
2061 2431 2193 2463 carissimi
2206 2430 2301 2464 Patrui
2313 2442 2370 2465 no-

1299 2469 1361 2510 stri,
1381 2471 1523 2511 Johanni's
1539 2475 1618 2510 Regis
1636 2471 1759 2513 Castellae
1778 2471 1817 2508 ὠ
1836 2474 1961 2509 Legionis
1979 2471 2070 2502 Ducis
2090 2471 2259 2502 Lancastriae
2270 2496 2280 2510 ,
2297 2482 2371 2503 con-

1298 2518 1339 2539 tra
1356 2510 1517 2549 Johannem
1536 2513 1658 2541 Henrici'i
1677 2535 1685 2550 ‚
1712 2510 1782 2541 dicti
1803 2510 1898 2547 Regni
1920 2509 2042 2548 castellae
2064 2509 2229 2550 Imrusorem
2245 2513 2278 2541 ὃς
2297 2512 2370 2549 inju-

1299 2548 1376 2579 stum
1396 2549 1630 2588 Occupatorem,
1650 2550 1683 2581 &
1701 2549 1892 2580 Detentorem
1910 2550 2128 2586 Sciiinaticum,
2155 2559 2187 2579 ac
2206 2549 2372 2587 Robertum,

1299 2587 1380 2617 Olim
1402 2587 1523 2619 Baiilicae
1542 2589 1710 2619 Duodecim
1731 2587 1937 2626 Apostolorum
1957 2587 2149 2618 Presbiterum
2167 2587 2369 2627 Cardinalem,

1300 2630 1475 2664 Antipapam
1487 2649 1497 2665 ,
1523 2626 1708 2665 Complicem
1727 2628 1760 2658 ὃς
1778 2627 1929 2657 Fautorem
1945 2626 2044 2664 suum,
2070 2627 2104 2658 &
2124 2626 2246 2664 ejusdem
2260 2625 2370 2665 johan-

1299 2666 1341 2695 nis
1359 2665 1491 2695 Henricii
1510 2666 1539 2696 in
1559 2667 1611 2696 hac
1631 2674 1709 2704 parte
1728 2666 1859 2696 Fautores
1873 2688 1883 2703 ,
1909 2665 2051 2703 sequaces
2064 2687 2073 2703 ,
2099 2665 2286 2696 Adhaereiites
2303 2690 2311 2703 ,
2340 2667 2371 2695 in

1299 2703 1380 2743 ipsius
1396 2703 1536 2742 Johannis
1554 2705 1685 2735 Henricii
1703 2705 1737 2736 δε
1764 2704 1936 2742 Sequacium
1960 2703 2073 2734 suorum
2097 2704 2255 2741 hujusmodi
2280 2713 2371 2734 exter—

1300 2743 1440 2781 minium,
1458 2743 1599 2781 proficisci
1618 2744 1777 2781 voluerint,
1796 2743 1841 2773 vel
1860 2742 1892 2772 ad
1912 2742 2049 2780 Viagium
2068 2743 2086 2761 ‘¹‘
2108 2742 2366 2781 Promovendum,
2388 2742 2402 2756 ⁴*
2421 2742 2490 2770 VH.

1298 2780 1335 2810 de
1358 2780 1444 2811 Bonis
1465 2783 1498 2813 ὃς
1522 2782 1710 2813 Facultatibus
1731 2781 1799 2820 suis,
1810 2782 1889 2820 juxta
1910 2781 2045 2812 Formam
2061 2782 2095 2812 ὃς
2110 2779 2262 2811 Tenorem
2277 2780 2369 2812 Bulla·
2386 2778 2455 2814 508·

1300 2829 1364 2849 rum
1380 2819 1579 2858 priediotarum
1589 2843 1598 2859 ,
1615 2819 1745 2851 duxerint
1759 2820 1985 2857 conferendum,

1335 2858 1513 2896 Easdemque
1533 2858 1623 2890 Bullas
1642 2859 1731 2889 Fratri
1755 2858 1876 2888 W’altero
1900 2856 1993 2897 Diffi,
2020 2856 2142 2895 ejusdem
2163 2855 2257 2887 Parrui
2278 2857 2369 2888 nostri

1300 2895 1485 2936 Confessori,
1504 2908 1536 2928 ac
1558 2899 1615 2928 aliis
1637 2899 1721 2927 certis
1742 2896 1890 2934 Personis,
1907 2896 1936 2925 in
1958 2895 2062 2926 eisdem
2088 2895 2174 2925 Bullis
2189 2895 2368 2936 specificans,

1298 2934 1474 2967 Potestatem
1498 2938 1532 2967 &
1559 2935 1730 2966 Mandatum
1753 2935 1880 2973 generale
1901 2934 2073 2964 concefferit
2094 2935 2122 2963 in
2139 2935 2275 2965 omnibus
2303 2943 2369 2967 exe-

1299 2976 1420 3043 ςυΙεέόί,
1439 2984 1525 3013 prout
1539 2975 1567 3004 in
1583 2973 1668 3005 Bullis
1682 2975 1822 3012 praedictis
1840 2973 1950 3012 pleniuS
1963 2973 2143 3011 continetur,

1373 3024 1405 3043 os

1336 3037 1476 3083 Vole’ntes
1491 3050 1626 3090 Viagium
1639 3049 1809 3088 praediCium
1818 3074 1828 3087 ,

1339 3091 1432 3129 Qod
1446 3092 1473 3120 in
1488 3090 1600 3120 Sanctae
1614 3089 1714 3119 Matris
1727 3089 1861 3119 Ecclesiae
1877 3087 2145 3125 Reformarionem,
2164 3097 2197 3118 ac
2212 3087 2367 3125 ipfiusDo-

1302 3130 1374 3159 mini
1391 3129 1504 3159 Summi
1521 3128 1667 3159 pontificis
1689 3127 1867 3166 Refugium,
1887 3127 2004 3164 Opem,
2023 3128 2056 3158 &
2079 3126 2266 3164 Succursum,
2278 3128 2368 3164 juris-

1301 3178 1357 3206 que
1370 3169 1490 3206 ejusdem
1505 3166 1602 3197 Patrui
1616 3166 1721 3202 nostri,
1741 3176 1803 3205 erga
1819 3165 1930 3195 dietum
1945 3165 2082 3203 Regnum
2099 3163 2229 3195 Castellae
2253 3167 2286 3195 ὃς
2308 3165 2366 3194 Le-

1300 3208 1391 3246 gionis
1406 3207 1542 3244 Nororii,
1560 3205 1674 3236 favente
1693 3204 1847 3242 Domino,
1863 3204 2125 3241 Recuperationem
2146 3205 2178 3234 δε
2203 3203 2367 3240 Optentum

1300 3246 1448 3275 manifeste
1461 3245 1487 3275 se
1500 3244 1640 3283 exrendit,

1337 3283 1527 3320 Promoveri,
2098 3319 2103 3324 ι
2286 3318 2291 3323 ¹

1338 3322 1430 3353 Vobis
1452 3321 1625 3352 Mandamus
1646 3320 1727 3359 quod
1748 3320 1859 3357 statim,
1885 3319 1948 3349 visis
1971 3318 2158 3349 Praesentibus
2178 3341 2187 3355 ‚
2211 3326 2308 3347 omnia
2331 3319 2365 3350 δε

1299 3361 1406 3399 singula
1423 3360 1586 3397 Praemi'ss‘a,
1603 3361 1632 3390 in
1645 3360 1734 3398 locis,
1753 3361 1781 3389 in
1798 3359 1907 3390 Ballivis
1925 3357 2038 3394 vestris,
2055 3358 2103 3386 ubi
2119 3358 2151 3387 ὅ(
2167 3356 2284 3400 quando
2305 3366 2368 3386 me-

1300 3400 1353 3431 litis
1375 3400 1504 3439 expedire
1526 3398 1663 3437 videritis,
1690 3399 1806 3437 publice
1827 3397 2015 3433 proclamari,
2042 3394 2215 3433 Dcvulgari,
2230 3396 2272 3438 ,δε
2293 3394 2367 3425 Pro-

1301 3441 1428 3470 nunciari
1443 3439 1565 3475 faciatis,
1584 3447 1686 3468 omnes
1701 3437 1734 3468 δε
1746 3436 1884 3475 lingulos,
1904 3437 1938 3477 in-
1948 3434 2000 3477 iiac
2015 3442 2091 3472 parte
2104 3431 2287 3477 Conrranos,
2307 3433 2367 3464 Im-

1298 3487 1484 3517 pugnatores,
1502 3476 1548 3507 seu
1565 3475 1697 3507 Rebelles
1710 3476 1875 3512 arestantes,
1892 3472 2013 3503 Prilonis
2028 3471 2129 3516 nostris
2152 3471 2366 3516 MancipandQ

1299 3519 1329 3547 in
1356 3517 1459 3547 eisdem
1482 3523 1644 3545 moraturos
1659 3538 1669 3553 ,
1700 3514 1844 3553 quousque
1861 3522 1915 3550 pro
1934 3520 2036 3542 eorum
2054 3510 2269 3542 Deliberatione
2287 3511 2364 3542 aliter

1298 3555 1459 3586 duxerimus
1471 3554 1672 3584 ordinandum.

1373 3593 1405 3624 In
1422 3594 1517 3630 cujus,
1535 3593 1597 3623 &c.
2024 3626 2030 3632 ι
2122 3627 2127 3632 ,
2224 3626 2249 3633 Η

1335 3631 1426 3663 Teste
1441 3631 1525 3669 Rege
1540 3630 1613 3669 apud
1630 3627 1909 3668 Wstmonasterium,
1929 3624 2084 3657 undemmo
2099 3625 2145 3657 die
2159 3625 2274 3664 Aprilis.

1533 3759 1591 3788 Pro
1610 3757 1764 3788 comitiva
1781 3757 1811 3785 in
1828 3755 1864 3785 V
1861 3756 1940 3799 iagio
1957 3752 2118 3798 Hispaniae.

1329 3843 1458 3873 ohannes
1479 3844 1626 3878 Marmyon
1646 3838 1800 3875 Chivaler,
1818 3839 1885 3876 qui,
1903 3837 1939 3868 de
1963 3837 2092 3880 Licentia*
2104 3835 2208 3881 Regis,
2227 3838 2256 3867 in
2271 3837 2364 3868 Obse-
2382 3832 2458 3864 Ann.
2472 3832 2516 3863 D,·

1347 3883 1445 3919 quium
1468 3880 1572 3916 Regis,
1599 3888 1682 3915 cum,
1707 3876 1862 3907 Catillimo
1887 3875 1992 3906 Patruo
2018 3875 2120 3913 Regis,
2139 3875 2275 3912 Johanne
2296 3879 2365 3914 Rege
2404 3871 2488 3911 1386-

1299 3918 1421 3959 Castellae
1443 3917 1480 3952 (ἐν
1504 3921 1633 3954 Legionis
1656 3917 1743 3947 Duce
1758 3915 1928 3945 Lancastriae
1938 3938 1946 3953 ,
1965 3913 1999 3944 ad
2015 3923 2104 3951 partes
2117 3913 2254 3952 Ilpanniae
2269 3921 2365 3953 proie-
2384 3914 2434 3938 ΑΛ·
2448 3920 2476 3945 9·

1300 3960 1396 3989 c‘turus
1410 3957 1467 3994 est,
1486 3956 1571 3985 habet
1588 3955 1694 3986 Literas
1708 3954 1796 3993 Regis
1806 3954 1841 3984 de
1854 3953 1974 3992 generali
1989 3952 2159 3991 Attornatu,
2174 3953 2225 3982 sub
2242 3955 2366 3983 nomini—
2382 3954 2410 3977 R.
2433 3958 2458 3975 2·

1298 3999 1350 4028 bus
1363 3998 1463 4026 Briani
1476 3995 1507 4023 de
1521 3993 1654 4032 Stapilton
1670 3993 1788 4030 Militis,
1806 3993 1839 4022 &
1855 3991 1966 4020 Roberti
1985 3991 2016 4019 de
2037 3990 2223 4034 Swyllyngton
2247 3992 2365 4029 Militis,
2382 3991 2470 4014 Franc.
2484 3994 2512 4019 9-

1297 4037 1347 4066 sub
1373 4034 1583 4070 Alternatione,
1602 4033 1635 4062 ad
1656 4032 1841 4067 lucrandum,
1862 4032 1923 4061 &c.
1941 4031 1970 4060 in
1994 4030 2162 4068 quibusdam
2185 4030 2279 4061 Curiis
2302 4031 2364 4060 An-
2382 4029 2411 4052 R.
2428 4035 2454 4051 2·
2476 4032 2514 4052 m·

1297 4075 1378 4115 gliae,
1397 4082 1445 4111 per
1463 4081 1552 4102 unum
1566 4071 1688 4102 Annum
1701 4071 1850 4101 duraturas.
2387 4072 2430 4090 n..

1332 4111 1416 4143 Praes.
1435 4112 1498 4142 &c.
1774 4144 1825 4177 Bb
1842 4153 1857 4184 Ξ
2274 4141 2364 4174 Teste
