2561 4251
2 2185 6 2208 ι

2 2221 5 2243 1

2 2250 6 2278 l

2 2295 6 2318 1

2 2319 6 2347 l

2 2709 61 2770 m.

2 2772 7 2866 l

2 2872 8 2982 l

2 2990 8 3124 l

3 3238 7 3250 Ο

3 3270 7 3279 1

16 372 116 400 =‘V1.

3 3132 15 3205 i

724 164 837 208 ET
919 167 1185 210 ACTA
1242 169 1719 217 PUBLICA.

33 258 108 292 Amr.
124 252 170 290 D.

53 303 138 335 1370.

33 337 100 364 Ην·
120 343 148 371 3-
351 339 450 373 *Pro
473 336 551 371 ditio
575 341 671 387 Rege,
696 338 733 372 de
756 336 949 383 Abstinentiis
972 341 1103 373 Guerrae,

35 413 100 439 ⁶⁶²·
189 425 268 483 LE
283 424 346 456 Roi
358 434 373 456 a
409 431 469 455 noz
481 433 565 456 amez
578 425 612 456 &
627 424 710 455 foialx
726 423 872 456 Chivalers
886 424 919 456 &
940 423 1124 462 Conseillers‚
1141 423 1167 454 le
1186 422 1247 455 Sei-

33 451 84 478 An.
101 457 148 484 44·
187 501 228 532 ὥ
260 471 350 504 gneur
367 447 404 494 cie
419 463 553 503 Latymer
574 465 610 496 &
630 462 729 503 Roget
755 463 791 494 de
807 463 982 502 Betucham,
999 462 1096 494 Salutz
1120 463 1154 494 δε
1178 463 1247 494 dile-

228 512 277 532 on.

218 540 319 572 Savoir
331 550 402 572 vous
414 539 514 571 faisons
527 548 597 578 que,

220 579 312 619 Apres
326 579 365 609 les
383 578 543 616 Parlances,
565 578 613 616 qui
629 586 682 608 ont
702 576 762 608 este
787 585 868 609 entre
886 577 975 609 Nous
991 576 1077 608 d’une
1097 585 1177 616 part,
1195 577 1245 616 &‚

183 617 279 649 nostre
293 617 430 649 treschere
442 617 467 647 F
468 626 542 654 rere,
561 616 588 646 le
603 616 663 646 Roi
677 616 852 648 deNavarre
865 617 989 656 d‘auue,
1005 616 1048 647 sur
1062 616 1089 647 le
1103 618 1151 647 fait
1163 616 1244 647 d‘Al-

182 655 284 687 liances
294 659 328 689 δε
342 655 464 687 Amistes
476 654 582 686 d’entre
596 654 683 685 Nous
695 656 728 686 &
741 654 824 695 Luy,

216 694 307 727 Nous
318 704 406 726 avons
418 692 556 731 accorde,
574 693 657 724 d'une
669 694 756 732 partie
770 695 802 725 &
817 693 940 732 d’autre,
957 703 1014 732 que
1020 701 1112 724 tontes
1125 693 1164 722 les
1172 691 1244 722 cho-

179 732 234 773 ses,
254 732 364 764 Parlees
374 740 454 762 entre
468 730 554 762 Nous
568 731 602 763 &
616 732 698 775 Luy,
717 741 805 763 come
819 732 863 762 dit
884 731 943 771 est,
961 733 1052 762 soient
1070 732 1104 762 &
1125 731 1244 774 demeu-

179 781 241 804 rent
256 782 292 803 en
305 770 411 809 l'estat,
427 780 466 801 ou
480 769 544 800 elles
559 771 636 808 sont,
653 770 764 809 jusques
776 781 791 801 a
805 770 828 801 la
844 770 927 801 Feste
940 769 977 801 de
989 769 1069 800 Noel
1078 792 1088 807 ,
1102 769 1244 807 proschei-

179 818 297 842 nemant
310 817 431 847 venant,
446 818 482 839 en
496 809 644 847 esperance
657 808 692 839 de
706 809 822 846 parfaire
838 810 871 840 ὃς
887 809 1044 845 enteriner,
1059 807 1145 838 d'une
1161 807 1244 837 cous-

180 856 208 880 te
233 848 266 879 &
285 847 408 887 d’autre,
422 856 487 878 tout
504 857 539 877 ce
563 849 611 885 qui
631 847 752 885 touche,
772 857 810 877 ou
824 855 892 884 poet
906 846 1043 884 toucher,
1061 845 1099 875 les
1111 845 1181 876 dites
1189 845 1242 875 Al-

178 887 281 917 liances
294 886 328 917 &
344 885 488 924 Amistee‚
506 887 539 917 &
554 885 622 916 auffi
635 895 687 925 pur
698 885 778 915 avoir
790 894 824 915 ce
839 883 962 922 pendant
983 884 1043 922 plus
1062 884 1137 921 plain
1151 883 1240 922 Avis,

179 925 266 956 d’une
285 925 376 993 parti?c
386 925 421 956 &
442 933 534 963 autre,
551 924 595 955 sur
612 932 704 955 tontes
724 922 763 952 les
781 923 879 954 choses
896 923 945 961 qui
961 930 1015 953 ont
1038 922 1096 953 este
1116 921 1241 960 Parlees,

177 973 264 996 corne
278 964 319 994 dit
334 973 350 994 e
381 985 384 989 .

214 1001 271 1040 Et,
289 1011 326 1033 en
345 1000 455 1039 oultre,
473 1009 563 1030 avons
583 997 735 1029 Accordee
767 999 824 1029 l'un
844 1009 861 1029 a
875 999 972 1030 l’autre
1006 1008 1062 1039 que
1081 1006 1161 1029 entre
1180 1007 1240 1029 nort.

178 1038 279 1071 Gentz
292 1041 327 1072 &
341 1040 380 1070 les
392 1039 498 1076 Soens,
516 1038 551 1068 &
565 1045 657 1068 tontes
668 1037 707 1067 les
721 1021 896 1068 F³0rtereices
910 1039 943 1069 ὃς
987 1047 1076 1075 erres,
1091 1037 1128 1068 de
1142 1037 1241 1069 l’un&

177 1079 217 1109 de
226 1079 340 1116 l’autre,
357 1085 416 1108 tant
430 1076 516 1107 decea
531 1076 557 1106 la
571 1074 674 1114 Meer,
691 1085 778 1106 come
792 1076 852 1108 dela
869 1077 892 1107 la
905 1076 1005 1114 Meer,
1023 1076 1132 1106 serront
1167 1076 1192 1106 le
1200 1077 1241 1107 dit

175 1125 267 1155 temps
280 1116 381 1148 durant
390 1140 400 1153 ,
419 1115 507 1145 bones
521 1115 554 1146 δε
570 1114 652 1145 loialx
669 1114 854 1146 Abstinences
867 1115 901 1145 de
916 1124 978 1145 tout
993 1115 1052 1146 Fait
1065 1114 1102 1145 de
1116 1098 1239 1153 dume,

175 1155 228 1187 soit
241 1156 278 1187 de
294 1154 372 1186 Prise
384 1154 420 1185 de
438 1153 590 1185 Parsonnes
599 1176 609 1191 ,
623 1163 662 1184 ou
672 1154 707 1184 de
722 1153 813 1184 Lieux
821 1177 831 1193 ,
847 1153 883 1184 de
896 1153 1033 1192 Courses,
1051 1152 1240 1191 Chivachees,

176 1193 332 1225 Ranceons
349 1192 490 1231 noveiles,
507 1202 522 1222 a
540 1192 606 1222 faire
624 1190 659 1222 de
676 1191 765 1230 Paiis,
781 1192 817 1223 de
840 1192 946 1230 Lieux,
963 1202 1002 1223 ou
1021 1193 1057 1223 de
1081 1191 1241 1231 ParocheS,

177 1232 214 1263 de
225 1231 323 1269 Bit-ns,
338 1241 378 1262 ou
393 1240 484 1262 autres
496 1230 671 1269 quelconqes
680 1231 796 1269 choses,
813 1230 999 1270 dependantes
1012 1232 1047 1261 de
1060 1230 1188 1268 Guerre,

214 1268 273 1301 Pur
291 1272 359 1310 quoi
376 1269 464 1300 Nous
483 1279 554 1300 vous
571 1269 717 1299 Mandons
735 1269 769 1300 ὃς
786 1269 1008 1308 Commettons,
1031 1272 1064 1301 &
1083 1280 1098 1299 a
1116 1270 1238 1300 chescun

174 1308 212 1340 de
224 1319 311 1345 vous,
329 1319 384 1345 que
399 1319 414 1340 a
429 1317 520 1340 toutes
531 1317 590 1339 noz
604 1307 721 1347 Gentz‚
737 1308 861 1340 esteantz
874 1309 963 1340 oultre
979 1309 1002 1339 la
1019 1308 1119 1347 Meer,
1134 1318 1165 1351 es
1176 1318 1238 1351 par-

175 1349 225 1378 ties
239 1345 275 1378 de
291 1347 387 1379 nostre
404 1346 538 1378 Roialme
552 1347 588 1377 de
603 1346 726 1385 France,
744 1347 780 1377 de
792 1349 913 1388 quelque
934 1347 1002 1378 estat
1021 1358 1059 1378 ou
1082 1346 1237 1377 condicron

174 1386 223 1424 q'il
235 1386 341 1425 soient,
359 1397 432 1418 vous
445 1387 525 1417 facez
538 1387 798 1417 commandement
811 1387 848 1417 de
860 1397 909 1425 par
925 1386 1031 1424 Nom,
1049 1396 1097 1424 par
1113 1386 1237 1423 Lettres,

174 1435 214 1455 ou
228 1425 262 1456 de
275 1425 407 1464 Bouche,
423 1435 459 1456 en
475 1425 535 1455 leur
549 1425 710 1464 enjoignant
723 1423 932 1462 estroitement,
950 1425 992 1456 sur
1008 1434 1087 1455 toute
1107 1425 1132 1454 la
1150 1423 1236 1455 Paine

155 1487 158 1490 .
175 1463 227 1501 q'il
246 1474 351 1503 peuent
370 1473 521 1495 encourrer
540 1473 643 1494 envers
665 1463 768 1501 Nous,
786 1473 841 1502 que
860 1465 900 1495 les
912 1464 982 1493 dites
1005 1463 1193 1494 Abstinences
1207 1462 1238 1492 ils

175 1502 327 1541 Tiegnent
340 1504 373 1534 &
394 1502 541 1539 Gardent‚
557 1503 591 1533 ὃς
615 1501 708 1532 facent
727 1502 819 1532 Tenir
843 1502 877 1533 ὃς
899 1501 1027 1540 Garder,
1046 1500 1168 1532 chescun
1186 1511 1235 1531 en-

172 1540 248 1572 droit
265 1541 322 1579 soi,
341 1541 526 1577 entierment‚
548 1540 614 1570 sanz
630 1539 669 1570 les
693 1540 870 1579 enfraindre,
893 1550 932 1570 ou
952 1542 1031 1572 venir
1050 1548 1167 1578 contre,
1185 1548 1235 1579 par

174 1579 298 1620 quelque
311 1579 378 1609 voie
393 1589 432 1610 ou
450 1580 574 1609 maniere
586 1587 640 1616 que
655 1587 691 1609 ce
705 1578 774 1616 soit,

211 1617 268 1657 Et,
290 1617 317 1648 se
334 1627 406 1648 vous
421 1626 457 1647 en
475 1624 605 1648 troverez
619 1626 711 1647 aucun
730 1615 932 1654 desobeiffant‚
948 1627 986 1647 ou
1006 1617 1101 1648 faisant
1121 1616 1146 1647 la
1164 1626 1236 1647 con—

172 1658 271 1696 traire,
289 1655 377 1687 Nous
392 1654 506 1686 Volons
519 1656 552 1686 &
573 1664 645 1685 vous
661 1654 810 1686 Mandoos
824 1665 898 1693 que,
915 1657 980 1686 sanz
996 1656 1104 1687 vaeur
1118 1666 1157 1686 ou
1172 1655 1234 1686 De-

247 1718 259 1733 ,
275 1704 347 1726 vous
360 1694 421 1725 l'eu
431 1693 561 1732 puniffez
576 1693 683 1725 ficome
702 1704 736 1724 au
755 1704 803 1725 cas
822 1696 1020 1733 appartendra,
1039 1696 1073 1726 &
1090 1705 1146 1734 que
1165 1703 1236 1725 vous

171 1704 254 1765 ξὲῗῑ,
267 1731 427 1771 Restablir‚
443 1733 478 1764 ὅτ.
494 1732 604 1764 Mettre
616 1743 632 1763 a
645 1732 714 1763 estat
727 1732 810 1770 deue,
829 1741 892 1763 tout
904 1743 940 1764 ce
953 1743 1008 1772 que
1020 1744 1091 1764 vous
1104 1742 1235 1764 troverez

169 1773 248 1804 avoir
261 1771 320 1803 este
333 1780 469 1810 attempte
482 1781 519 1801 en
536 1770 613 1802 ceste
626 1770 718 1801 Partie
733 1780 781 1808 par
796 1781 888 1802 aucun
906 1772 942 1802 de
955 1781 1014 1803 noz
1026 1772 1141 1810 Gentz,

205 1810 258 1841 De
268 1820 304 1842 ce
321 1809 389 1841 faire
409 1820 480 1841 vous
492 1809 604 1840 donons
619 1810 715 1847 poair,
732 1809 766 1840 &
780 1809 904 1841 cbescun
918 1810 954 1841 de
974 1821 1047 1842 vous
1068 1809 1234 1848 Mandons,

168 1850 203 1880 &
218 1847 439 1880 Commandons
452 1859 467 1879 a
480 1857 551 1879 touz
570 1856 630 1878 noz
644 1848 785 1886 Subgitz‚
803 1848 827 1877 F
828 1849 917 1887 oialx,
935 1849 1035 1888 Liges,
1051 1848 1181 1886 Vaffalx‚
1199 1849 1232 1879 &

174 1896 265 1919 autres
279 1887 451 1926 quelconqes
465 1895 526 1918 noz
534 1887 639 1925 Amys,
657 1886 750 1917 Alliez
759 1888 810 1926 ,&
820 1886 1003 1927 Obeiffantz,
1021 1897 1075 1928 que
1091 1898 1108 1918 a
1122 1887 1233 1919 vous&

170 1937 186 1957 a
202 1925 323 1957 chescun
339 1926 375 1957 de
391 1935 477 1964 vous,
492 1936 528 1956 en
544 1925 638 1956 faisant
653 1925 691 1956 les
702 1925 800 1956 choses
809 1926 984 1966 deffusdkes,
1003 1928 1037 1958 &
1050 1935 1143 1957 toutes
1150 1925 1233 1957 celles

169 1966 219 2004 qui
241 1975 278 1996 en
296 1964 484 2003 Dependent,
503 1963 654 1995 Obeiffent
673 1964 707 1996 &
727 1963 892 1997 Entendent
912 1966 1128 2005 diligeaument‚
1146 1974 1233 1996 come

169 2013 185 2033 a
197 2013 269 2034 nous
284 2004 419 2041 mesmes,
437 2004 479 2033 sur
494 2003 582 2034 Paine
594 2002 770 2033 d'encourrer
786 2003 881 2035 nostre
896 2003 1092 2043 Indignacion.

209 2040 290 2072 Don.
304 2051 350 2081 par
363 2041 591 2081 Tesmoigmnce
606 2041 642 2072 de
655 2040 751 2072 nostre
765 2040 858 2074 Grant
870 2043 949 2081 Seal,
964 2053 980 2074 a
999 2042 1096 2073 nostre
1115 2040 1232 2073 Manoir

170 2078 206 2114 de
218 2079 398 2120 Claryndon,
414 2081 442 2112 le
455 2081 501 2111 xiv
511 2082 575 2120 jour
591 2079 626 2110 de
639 2079 761 2119 August.

34 546 120 601 44.E:
139 570 166 599 3.

33 610 71 631 m.
89 610 132 628 10.

184 2150 187 2152 ’
207 2158 250 2186 Et
269 2156 475 2188 Memorandum
490 2143 566 2198 'qubd
583 2155 635 2196 ista
659 2159 762 2187 Litora
779 2157 887 2186 tradita
895 2154 959 2197 fuit
976 2159 1047 2188 diae
1065 2160 1181 2189 Domino
1200 2159 1233 2189 de

169 2197 302 2236 Latymer
314 2219 323 2234 ,
348 2197 388 2226 ad
402 2196 568 2226 liberandum
583 2196 655 2226 amo
673 2198 738 2232 Regi
763 2197 910 2226 Navarrae
923 2220 933 2235 ,
960 2196 999 2232 ὠ·
1016 2198 1057 2227 ad
1074 2208 1121 2227 con
1133 2196 1232 2227 tmikm

168 2237 312 2273 laterani,
322 2235 377 2274 sub
392 2234 483 2272 Sigillo
495 2234 574 2274 ipfius
587 2237 663 2273 Regis.
676 2236 824 2269 Navarrae
832 2258 843 2274 ,
861 2235 1061 2268 dicio-Domino
1073 2247 1108 2266 no
1133 2247 1162 2267 ro
1176 2238 1232 2266 Re—

170 2275 198 2311 gi
218 2272 331 2312 Angliae
345 2271 527 2314 deserendam.
1182 2306 1185 2309 Α

217 2412 313 2455 Super
335 2410 489 2454 Invastone
512 2412 719 2453 Francorum,
743 2412 780 2449 ὠ·
805 2410 1007 2443 Arraiatione
1021 2409 1180 2455 facienda.

3 2502 96 2540 rsAnn·
109 2508 150 2540 D·
171 2492 315 2551 REX,
333 2494 453 2526 Dilecto
474 2496 508 2526 &
524 2495 610 2526 Fideli
632 2494 697 2535 su0,
713 2494 835 2536 Hugoni
853 2495 890 2527 de
911 2493 1094 2537 Courteney,
1111 2497 1228 2531 Comiti

42 2556 129 2589 1370·
246 2531 408 2578 Devoniae,
422 2534 555 2566 Salutem.
597 2574 601 2579 ι
887 2574 893 2580 ,
949 2574 954 2579 1
1003 2575 1007 2580 ,
1183 2577 1189 2582 ,

203 2570 299 2617 Qua,
314 2581 363 2611 per
384 2573 517 2612 quosdam
537 2574 655 2604 Amicos
674 2573 802 2612 nostros,
825 2574 1052 2605 certitudinahter
1067 2574 1162 2606 sumus
1181 2587 1225 2607 111-

10 2589 128 2662 ’ἕηᾞ4”
164 2607 277 2643 forman
292 2611 375 2655 quod
391 2612 506 2646 Inimici
525 2611 615 2643 nostri
634 2612 760 2644 Franciae
775 2620 910 2652 magnam
929 2611 1054 2644 Claffem
1073 2613 1226 2654 Navium,

17 2663 102 2701 olaus
163 2657 231 2678 cum
245 2650 423 2682 multitudine
439 2651 605 2682 Hominum
621 2651 654 2681 &
670 2651 871 2690 Armatorum,
889 2652 944 2690 jam
960 2651 1107 2690 pararunt,

77 2707 108 2731 E.
137 2722 144 2729 .
198 2686 236 2718 Et
248 2688 382 2730 Regnum
396 2690 526 2721 nostrum
541 2689 652 2730 Angliae
688 2691 717 2721 in
730 2691 854 2729 partibus
867 2690 980 2730 vestris,
1000 2691 1072 2722 infra
1088 2690 1224 2723 Mensem

45 2761 52 2768 ι
69 2749 97 2777 9·
119 2712 136 2740 3
163 2733 179 2754 a
202 2724 275 2757 Data
296 2727 473 2766 praesentium
495 2729 631 2768 proximo
662 2737 796 2767 uturum,
813 2729 848 2759 ad
862 2728 934 2759 Nos
956 2729 988 2760 ὃς
1009 2727 1154 2767 Populum
1168 2740 1223 2761 no-

161 2761 251 2795 strum
266 2765 463 2799 debellandum
473 2789 483 2807 ‚
498 2768 532 2799 &
545 2777 598 2806 pro
612 2767 930 2799 viribusdestruendum
939 2791 951 2807 ‚
969 2767 1104 2799 invadere
1116 2778 1226 2808 propo—

160 2810 251 2840 nunt,

198 2840 286 2880 Nos,

198 2878 334 2911 Volentes
342 2879 461 2912 Malitia:
469 2880 613 2913 dictorum
629 2879 816 2912 inimicorum
824 2881 990 2913 nostrorum
998 2905 1007 2921 ,
1027 2892 1096 2914 cum
1103 2881 1165 2914 Dei.
1175 2884 1232 2917 ad-,

157 2918 278 2957 jutorio‚
303 2920 436 2958 obviare,
454 2920 487 2951 ὃς
506 2919 660 2951 salvationi
678 2918 749 2949 dieti
775 2919 873 2959 Regni
891 2920 980 2951 nostri
996 2921 1172 2961 prospicere,
1193 2932 1233 2956 ut,

157 2964 288 2988 tenemur
1188 2981 1189 2984 =

195 2980 337 3026 Vobis'in
354 2994 425 3027 Fide
445 2996 479 3029 &
499 2995 659 3040 Ligeantia,
674 2995 775 3036 quibus
797 2997 879 3028 nobis
901 2999 1054 3036 tenemini,
1071 2998 1224 3032 distrtstius

156 3044 215 3074 quo
238 3035 413 3076 poterimus,
436 3034 500 3073 Inju
516 3043 615 3076 «Ulmus
637 3034 670 3065 ὃ(
697 3033 869 3066 Mandamus
892 3036 995 3075 quod„
1007 3039 1143 3070 omnibus
1163 3040 1222 3071 aliis

155 3072 361 3111 praetermiffis,
383 3083 484 3104 omnes
541 3074 667 3112 omines,
694 3072 886 3105 Defensabiles
906 3076 1027 3113 partium
1049 3076 1219 3117 vestrarum,

157 3111 177 3150 *ξ
190 3113 356 3179 cumfgunni
367 3111 508 3144 celeritate
525 3122 578 3151 qua
596 3111 657 3142 fieri
671 3112 790 3151 poterit,
808 3114 916 3145 arraiari
934 3115 967 3145 δε
990 3115 1022 3144 in·
1041 3115 1225 3151 Arraiatione,

159 3157 246 3181 tenen
287 3158 364 3182 cratis

191 3186 234 3231 ita
248 3172 446 3231 qued-seinper
462 3188 552 3218 Prom
574 3188 596 3219 ti
610 3187 662 3218 fint
675 3187 808 3220 &Parati
822 3189 858 3220 ad
871 3189 1055 3223 resistendum
1070 3192 1220 3226 (1161181111-

157 3235 239 3259 micis
251 3226 371 3270 nostris,
389 3228 423 3257 δε
437 3235 541 3270 eorum>
555 3197 700 3258 iidalitiam
723 3229 951 3269 reprimendum,
977 3231 997 3261 fi
1017 3232 1124 3272 ingredi
1145 3243 1219 3272 prae-

157 3263 323 3302 sumpsermt
336 3272 426 3303 partes
438 3264 513 3302 ulain

195 3302 233 3333 Et
247 3302 324 3341 hoc,
341 3302 411 3345 ficut
426 3302 511 3340 Nos,
529 3303 562 3333 &
576 3301 732 3334 Honorem
745 3304 892 3344 nostrum,
909 3317 942 3337 ac
957 3307 1146 3340 salvationem
1156 3309 1217 3342 Re.

177 3341 203 3370 ni
218 3340 307 3385 nostri
320 3340 430 3381 Angli-ae
443 3340 621 3385 diligitis‚·ac
636 3341 704 3373 sicut
719 3343 856 3382 vosipsos
868 3345 1034 3385 indempnes
1048 3347 1154 3380 servare
1162 3360 1216 3381 vo-

168 3388 259 3414 ueritis
269 3401 278 3416 ,
295 3379 449 3411 nullatenus
464 3387 605 3417 omittatis.

191 3416 282 3449 Teste
295 3417 378 3459 Rege
389 3418 462 3457 apud
477 3416 645 3458 Haveryng,
662 3418 776 3450 decimo
791 3429 891 3458 quarto
906 3421 952 3452 die
967 3422 1150 3461 Septembris.

29 3118 46 3135 ⁶
66 3121 119 3148 VI.

27 3157 92 3197 6⁶3.

833 3498 887 3527 Per
899 3497 981 3536 igsum
997 3501 1103 3538 Regem.

152 3569 293 3641 REGX,
312 3570 435 3601 Dilestis
449 3572 482 3603 &
502 3571 660 3611 Fidelibus,
681 3572 788 3605 Abbati
808 3574 845 3605 de
865 3574 1022 3614 Qarrera,
1039 3575 1213 3612 Theobaldo

151 3654 220 3679 tem·
255 3619 356 3648 orges,
374 3609 504 3640 Thomae
523 3610 558 3641 de
579 3611 604 3640 la
619 3610 752 3651 Ryvere,
770 3613 804 3644 &
825 3611 980 3655 Radulpho
1001 3613 1116 3656 Ruffe1‚
1131 3618 1212 3651 Salu-

222 3687 264 3717 uia
280 3696 328 3729 per
342 3685 478 3724 quosdam
498 3684 619 3717 Amicos
636 3686 761 3727 nostros,
785 3687 847 3724 &a
866 3698 898 3720 ut
907 3691 1005 3731 fiapra,
1022 3697 1137 3724 mutatis
1151 3706 1211 3726 mu-

152 3686 263 3792 τωὲἰς,
278 3728 357 3765 usque
373 3724 427 3762 ibi,
440 3732 472 3768 ut
486 3733 630 3763 tenemur,
648 3724 686 3760 &
710 3734 774 3757 tunc
780 3726 838 3766 fic,
884 3768 888 3773 .
972 3769 977 3775 ¹

151 3800 203 3838 tis,
215 3762 1210 3849 fffflssissuff‘j'ffiss?ssffissssssts‘}”‡.33¹3¹⁵0.fsssslssf3.⁶⁸{fi&⁰323

151 3838 295 3883 termiffis,
312 3850 413 3871 omnes
425 3839 593 3885 Homines,
606 3834 795 3885 Desensabiles
809 3841 907 3886 Insulae
924 3844 1042 3888 Veciae,
1059 3856 1128 3878 cum
1143 3859 1208 3880 om-

150 3875 337 3952 niiatciselentate
351 3889 405 3918 qua
425 3878 483 3910 fieri
504 3888 623 3918 potent,
640 3889 746 3910 arraiari
762 3882 795 3911 &
813 3891 842 3911 m
863 3882 1038 3914 Arraiatione
1059 3888 1148 3918 teneri
1167 3888 1209 3919 fa-

183 3951 227 3996 ita
241 3952 320 3991 quod
330 3953 438 3997 semper
453 3955 542 3986 Prom
566 3957 587 3987 ti
599 3956 652 4001 sint
665 3956 797 4001 &Parati
814 3957 848 3988 ad
862 3958 1042 4004 resistendum
1054 3961 1138 3994 dietis
1151 3963 1209 3996 Ini—

148 3990 415 4072 ffigsenffirlijsgnffi
424 4004 533 4071 ieggtgm
574 3995 690 4028 lahtrarn
708 3996 943 4037 reprimendum,
961 3999 981 4031 si
998 4001 1109 4038 ingredi
1133 4012 1206 4041 prae-

2284 194 2301 222 Ῑ
2309 195 2331 236 7
2337 196 2357 237 3

2379 266 2455 299 Ann.
2471 268 2514 301 1)ss

2377 315 2492 384 ῑξεῖῗοςζ

1325 254 1364 285 Ε1
1380 256 1456 296 hoc,
1472 257 1522 288 sub
1535 257 1719 290 Forisfa&ura
1735 258 1888 299 praedkfiia,
1902 260 2057 293 nullatenus
2067 263 2218 295 omittatis.

1330 294 1420 326 Teste
1440 304 1471 327 ut
1488 296 1572 334 supra.

1927 349 1982 377 Per
1994 348 2077 388 ipsitm
2091 351 2197 389 Regem.

1358 468 1440 513 Papae
1464 471 1571 502 Literae
1589 480 1644 516 pro
1666 469 1891 505 Mercatoribus
1914 472 2092 508 Florentinis
2115 478 2289 524 Rogatoriae.

1291 549 1678 611 URbanuls'Episcopus,
1696 554 1798 586 Servus
1813 555 1967 588 Servorum
1986 558 2054 597 Dei,
2066 558 2207 591 cariffimo
2221 561 2250 591 in
2265 558 2352 592 Chri·
2375 563 2451 595 Ann.
2466 565 2508 599 D.

1349 629 1354 634 .
1383 589 1428 620 sto
1448 590 1538 634 Filio,
1557 591 1714 635 EdwardO,
1732 593 1807 633 Regi
1822 595 1933 636 Angliae
1945 596 2064 636 Illustri,
2082 597 2207 629 Salutem
2219 601 2253 631 &
2269 599 2350 640 Apo-
2398 612 2483 642 1370.

1290 627 1419 659 stolicam
1435 627 1677 660 Benediehonem.
2372 645 2425 670 Aa.
2443 653 2491 680 44.

1328 667 1448 711 Nuper,
1465 676 1517 711 pro
1533 677 1627 711 parte,
1644 669 1814 700 alienorum
1822 670 1976 711 Filiorum,
1994 673 2136 705 Comunis
2146 673 2349 708 CivitatisFlo-
2373 685 2405 708 Ε.
2428 690 2453 717 3.

1290 714 1404 743 renttze,
1423 707 1503 736 nobis
1525 707 1575 737 suit
1597 708 1752 746 expositum
1768 709 1848 747 quod
1871 709 1948 741 Duae
1971 711 2070 743 Naves
2094 714 2285 751 quorumdam
2300 715 2349 754 ja·
2374 723 2414 746 Ex
2429 721 2487 747 Au·

1289 744 1456 781 nuensium,
1471 753 1595 775 oneratae
1612 744 1691 775 Lan&
1706 747 1738 776 &
1761 745 1865 778 Pannis
1884 759 1937 785 pro
1951 751 2049 787 majori
2063 759 2140 789 parte
2172 751 2207 783 ad
2227 754 2352 784 nonnul·
2372 766 2437 794 togr.

1289 781 1332 824 los
1349 780 1528 825 Mercatores
1550 782 1727 826 ¹Florentinos
1745 786 1963 825 pertinentibus,
1979 788 2015 818 de
2039 787 2128 820 Portu
2147 775 2350 832 iixclusarum‚

1287 819 1333 849 die
1347 819 1469 864 Decima
1482 820 1611 865 Septima·
1623 821 1731 852 Menfis
1745 823 1884 862 Augusti,
1900 825 2033 862 proximo
2047 829 2199 867 praeterita,
2218 830 2352 861 receden-

1287 866 1327 888 tes
1336 880 1348 901 ,q
1365 858 1549 891 obviaverunt
1564 860 1730 898 quibusdam
1746 861 1905 893 Serenitatis
1920 872 1976 894 tuae
1998 863 2133 896 Navibus
2149 867 2195 897 die
2211 867 2351 903 Vicesima

1286 904 1366 926 tertia
1380 897 1449 927 dieti
1466 897 1588 936 Menfis,

1324 933 1487 979 Gentesque
1501 937 1639 968 dietarum
1655 936 1784 968 Navium
1797 939 1969 971 excellentiae
1983 939 2084 981 Regiae
2097 942 2198 974 Naves
2220 944 2291 981 ipsas
2303 944 2354 985 Ja-

1286 978 1435 1005 nuenlium
1450 984 1602 1014 ceperunt,
1619 975 1716 1013 easque
1730 978 1759 1006 in
1773 977 1907 1016 Angliam
1928 979 2120 1019 deduxerunt,
2137 992 2196 1012 non
2218 983 2350 1016 obstante

1287 1012 1369 1056 quod
1385 1013 1490 1044 Literas
1504 1014 1590 1045 securi
1606 1012 1777 1046 Conduetfis
1794 1015 1929 1049 haberent
1947 1018 1983 1048 ab
2004 1019 2168 1050 excellentia
2188 1022 2355 1061 praeljbata,

1286 1061 1319 1120 ιὸ
1329 1051 1452 1089 ipsorum
1467 1052 1666 1085 Mercatorum
1681 1053 1836 1085 Florentiae
1856 1065 1916 1085 non
1938 1056 2087 1088 modicum
2109 1057 2300 1096 Dispendium
2318 1061 2353 1092 δε

1321 1099 1469 1128 ravamen,

1321 1128 1421 1167 Qiare
1433 1130 1551 1169 Nobis,
1570 1139 1623 1170 pro
1642 1138 1719 1168 parte
1742 1131 1868 1168 ipsorum
1890 1131 2083 1172 Communis,
2103 1135 2195 1165 extitit
2210 1135 2357 1168 humiliter

1284 1167 1469 1208 supplicatum
1483 1178 1532 1207 ut,
1549 1178 1602 1207 pro
1623 1168 1813 1200 Restitutione
1828 1170 1923 1201 debita
1946 1170 2173 1204 Mer-cannarum
2188 1174 2221 1205 &
2242 1174 2354 1206 Rerum

1284 1205 1392 1236 suarum
1407 1206 1512 1238 eisdem
1529 1207 1739 1238 Mercatoribus
1753 1207 1919 1239 Florentinis
1932 1208 2113 1241 effectualiter
2121 1212 2266 1252 facienda,
2285 1213 2351 1246 Par-

1284 1252 1324 1274 tes
1337 1245 1443 1276 nostras
1459 1256 1542 1283 penes
1553 1244 1680 1283 Regiam
1697 1245 1903 1278 Celfitudinem
1919 1249 2098 1286 interponere
2112 1251 2310 1292 dignaremur,

1319 1282 1388 1327 Nos
1409 1285 1519 1323 itaque,
1537 1285 1660 1322 ipsorum
1680 1284 1938 1324 Supplicationibus
1963 1287 2103 1324 inclinati,
2131 1289 2234 1320 eisdem
2253 1291 2350 1322 Com-

1285 1330 1365 1363 mum
1385 1323 1418 1353 &
1435 1322 1662 1361 Mercatoribus,
1681 1333 1753 1361 quos
1761 1324 1866 1355 sincere
1878 1324 2036 1364 diligimus,
2052 1336 2189 1366 quantum
2203 1339 2273 1360 cum
2281 1330 2350 1361 Deo

1283 1361 1446 1398 postumus,
1465 1361 1645 1399 complacere
1659 1363 1820 1402 cupientes,
1839 1363 1873 1394 &
1894 1363 1930 1393 de
1945 1364 2044 1395 eadem
2066 1365 2239 1399 Excellentia
2261 1369 2352 1400 confi-

1282 1397 1379 1429 dentes
1391 1400 1488 1438 qubd,
1504 1401 1620 1431 veritate
1635 1401 1801 1439 comperta,
1820 1402 1908 1432 dietas
1923 1401 2095 1434 Mercantias
2116 1406 2150 1436 ὅτ
2170 1406 2228 1436 Res
2249 1408 2351 1438 eisdem

1284 1435 1510 1483 Mercatoribus,
1529 1448 1631 1469 contra
1643 1438 1803 1479 Justitiam,
1821 1450 1880 1470 non
1901 1442 2075 1477 permitteret
2090 1447 2239 1483 occupari,

1318 1473 1470 1507 Praefatam
1483 1476 1688 1507 Excellentiam
1701 1486 1832 1516 rogamus
1846 1481 1968 1518 attente,
1987 1489 2020 1510 ac
2033 1482 2062 1510 in
2072 1480 2212 1512 Domino
2221 1484 2352 1515 exhorta-

1283 1522 1365 1557 mur,
1383 1517 1529 1554 quatinus,
1549 1515 1652 1545 intuitu
1664 1515 1803 1554 Justitiae,
1823 1527 1855 1547 ac
1870 1526 1923 1554 pro
1939 1517 2047 1548 Nostra
2063 1520 2096 1549 ὃς
2113 1520 2290 1558 Apostolicae
2298 1523 2349 1553 Se-

1281 1552 1323 1581 dis
1336 1554 1509 1591 reverentia,
1533 1551 1682 1591 Regiique
1707 1554 1824 1584 honoris
1843 1556 1985 1593 obtentu,
2009 1557 2096 1587 dietas
2119 1558 2292 1591 Mercantias
2315 1562 2355 1593 &¹

1281 1588 1341 1621 Res
1354 1592 1559 1628 praedictorum
1575 1591 1773 1622 Mercatorum
1787 1593 1939 1624 Florentiae
1958 1594 2059 1625 eisdem
2078 1595 2186 1627 restitui
2206 1598 2288 1630 faciat
2307 1601 2351 1630 in-

1279 1630 1417 1698 {egraliter
1434 1639 1503 1662 cum
1512 1628 1636 1668 efferim,
1653 1630 1730 1670 quod
1737 1630 1837 1662 Nobis
1850 1631 1884 1661 ad
1898 1632 2033 1672 singulare
2046 1634 2254 1673 beneplacitum
2268 1638 2349 1670 ascri-

1301 1677 1392 1700 emus.

1317 1705 1384 1737 Dat.
1408 1706 1546 1739 Avinion.
1574 1706 1698 1738 secundo
1723 1707 1766 1739 Id.
1793 1707 1919 1740 Ottobr.
1946 1708 2136 1743 Pontificatfis
2161 1711 2251 1744 nostri
2275 1723 2352 1746 anno

1280 1746 1396 1777 ockavo.
2049 1787 2186 1828 Valafius.

1934 1862 2026 1900 sigillo
2043 1864 2149 1905 avusfo.

1417 1989 1468 2020 De
1490 1984 1602 2030 Castris
1624 1989 1655 2019 in
1678 1988 1854 2032 Principum
1875 1987 1987 2022 Williae
2011 1988 2188 2025 muniendis.

1279 2069 1425 2126 REX,
1443 2071 1597 2103 'cariffimo
1616 2071 1690 2103 Filio
1711 2070 1826 2111 nostre,
1841 2070 1967 2110 Johanni
1992 2072 2072 2104 Duci
2093 2074 2284 2117 Lancastriae,
2297 2079 2343 2111 vel
2363 2074 2440 2107 Ann.
2455 2076 2497 2110 D.

1300 2146 1304 2151 ⁵
1356 2111 1412 2148 ejus
1428 2110 1545 2142 Locum
1558 2111 1683 2148 tenenti,
1701 2109 1932 2142 Vicecomitibus
1955 2123 1988 2143 ac
2004 2113 2181 2155 Senescallis,
2196 2118 2240 2148 seu
2258 2117 2341 2149 Balli-
2384 2122 2468 2155 ¹370·

1277 2156 1319 2181 ΨΒ
1333 2149 1366 2179 &
1382 2148 1521 2180 Ministris
1534 2150 1588 2179 suis
1602 2148 1826 2188 quibuscumque
1835 2172 1845 2188 ,
1859 2150 1889 2180 in
1901 2151 2022 2191 partibus
2036 2152 2167 2193 Walliae,
2185 2156 2321 2188 Salutem.
2355 2156 2409 2184 Aa,
2430 2166 2479 2193 44.

1314 2186 1412 2227 Qia,
1429 2198 1479 2226 per
1493 2187 1629 2227 quosdam
1643 2188 1762 2219 Amicos
1773 2187 1900 2226 nostros,
1939 2199 1971 2220 ro
1986 2199 2066 2221 certo
2081 2191 2176 2224 sumus
2196 2196 2339 2228 informati
2358 2196 2389 2220 E.
2412 2202 2437 2229 3-

1296 2227 1357 2255 uod
1375 2224 1489 2257 Inimici
1505 2225 1594 2258 nostri
1614 2225 1759 2264 Franciae,
1780 2227 1814 2258 &
1831 2226 1878 2257 alii
1899 2199 1950 2257 figi
1977 2228 2175 2271 Adhaerentes‚
2197 2233 2283 2273 Nos,
2306 2236 2340 2266 &
2357 2230 2497 2270 &aus-441

1308 2272 1413 2302 egnum
1425 2265 1558 2296 nostrum
1573 2266 1620 2296 An
1650 2266 1701 2303 iae,
1719 2275 1752 2295 ac
1767 2273 1857 2296 totam
1874 2265 2019 2304 Linguam
2036 2268 2228 2307 Anglicanam
2247 2273 2347 2307 delere.
2360 2273 2389 2296 E.
2411 2279 2436 2307 3-

1276 2310 1429 2343 conantes,
1447 2313 1579 2344 magnam
1636 2303 1816 2335 altitudinem
1829 2303 1977 2344 Navium,
1997 2309 2013 2324 ’¹‘
2029 2316 2097 2338 cum
2110 2307 2290 2344 Hominibus
2304 2314 2346 2346 ada
2359 2318 2397 2335 m.
2421 2319 2453 2345 7·

1275 2340 1366 2372 Arma
1381 2342 1414 2373 ὃς
1431 2342 1568 2381 Armatis,
1588 2342 1819 2412 congrxeffrrunt,
2360 2346 2380 2366 '¹‘
2400 2348 2453 2385 V14

1312 2378 1354 2424 Et
1373 2381 1443 2412 infra
1462 2380 1654 2420 Principatum
1722 2381 1809 2419 alliae,
1828 2382 1898 2412 citra
1918 2381 2034 2413 Festum
2060 2384 2173 2417 Natalis
2195 2387 2323 2422 Domini
2359 2387 2427 2424 664.

1274 2421 1409 2456 proximo
1427 2420 1554 2451 futurum
1573 2421 1734 2459 applicare„
1752 2421 1786 2451 &
1806 2419 2000 2458 Principatum
2027 2422 2105 2453 illum
2123 2423 2274 2459 Dominio*
2291 2415 2341 2462 suc}

1239 2461 1242 2465 '
1273 2457 1475 2496 attrahere‚‘ac
1490 2458 1558 2489 Nos
1571 2460 1604 2490 &
1622 2458 1726 2499 Ligeos
1740 2457 1873 2498 nostros,
1890 2469 1944 2498 pro
1959 2461 2040 2498 posse
2066 2462 2133 2501 su0,
2152 2465 2203 2495 nifi
2224 2467 2342 2500 celeris„

1273 2496 1308 2527 &
1322 2497 1429 2528 virilius
1443 2499 1480 2527 eis
1497 2497 1590 2529 Manu
1605 2497 1681 2528 Forti
1699 2497 1833 2528 resistatur
1844 2520 1855 2536 ,
1872 2498 1992 2530 totaliter
2005 2500 2347 2539 Destruere-&Subve10

1274 2543 1347 2603 terii1
1348 2544 1515 2574 proponunt
1528 2537 1562 2568 ὅ(
1575 2537 1602 2567 se
1614 2544 1729 2575 parant,

1346 2583 1379 2604 os

1310 2597 1446 2643 Voleiites
1471 2612 1593 2643 Malitiae
1618 2612 1766 2643 dictorum
1790 2611 1979 2646 Inimicorum
2003 2615 2186 2658 nostrorum,
2202 2622 2344 2656 omnibus

1272 2651 1325 2682 viis
1337 2652 1372 2682 ὅτ
1386 2651 1479 2682 modis
1494 2651 1594 2689 quibus
1607 2652 1774 2690 poterimus,
1795 2661 1882 2690 prout
1895 2651 1995 2693 decet,
2009 2655 2125 2687 obviare
2133 2679 2144 2696 ,

1288 2727 1293 2732 .
1308 2687 1398 2719 Vobis
1413 2690 1443 2720 in
1460 2689 1530 2720 Fide
1543 2690 1576 2720 ὅ(
1592 2689 1756 2729 Ligeantia‚
1773 2691 1874 2729 quibus
1889 2693 1972 2723 nobis
1984 2695 2136 2733 tenemini,
2148 2690 2186 2727 ’δε
2206 2697 2257 2728 sub
2280 2699 2345 2731 Fo-t

1272 2727 1414 2758 nsfaecura
1427 2729 1559 2759 omnium
1574 2738 1639 2767 quae
1656 2729 1739 2759 nobis
1751 2729 1911 2761 forisfacere
1926 2732 2066 2771 poteritis,
2084 2732 2275 2776 MandamuS,
2289 2738 2337 2768 fir·-

1271 2767 1356 2796 miter
1370 2762 1570 2811 Injungenres,
1586 2769 1667 2805 quod
1683 2767 1798 2806 statim,
1816 2769 1879 2799 vifis
1902 2770 2100 2811 praesentibus,
2118 2775 2255 2806 omnibus
2277 2777 2338 2808 aliis

1290 2805 1473 2844 raetermiffis‚
1491 2807 1525 2837 &
1540 2816 1719 2846 quacumque
1740 2806 1920 2838 excusatione
1942 2808 2084 2849 ceffante,
2101 2813 2198 2843 omnia
2220 2813 2337 2854 Castra,

1294 2845 1430 2884 ortalitia,
1448 2845 1534 2876 Villas
1544 2868 1554 2883 ‚
1571 2847 1605 2877 &
1617 2845 1670 2877 alia
1685 2845 1764 2876 Loca
1780 2845 1887 2885 vestra,
1909 2847 1983 2878 infra
1996 2847 2108 2879 dietum
2122 2848 2334 2892 Principatum,

1268 2881 1447 2927 Hominibus
1464 2883 1499 2915 ad
1515 2885 1628 2922 Arma,
1638 2884 1778 2922 Amatis,
1796 2885 1831 2916 &
1846 2884 2014 2925 Sagittariis,
2031 2897 2065 2918 ac
2084 2886 2277 2929 Vid'tualibus,
2295 2893 2329 2925 ὃς

1268 2920 1325 2952 alus
1338 2923 1494 2957 necessariis
1505 2922 1674 2953 sufficienter
1690 2923 1813 2960 muniri,
2323 2958 2336 2961 ,-

1307 2959 1353 2991 Ac
1369 2970 1470 2991 omnes
1486 2961 1645 2998 Homines,
1662 2960 1808 2990 Tenentes
1827 2961 1861 2992 &
1876 2960 2040 2993 Refidentec
2061 2963 2134 2995 infra
2152 2964 2330 2999 Dominium

1267 2997 1395 3041 yestrum
1413 3001 1540 3037 (praefate
1556 2998 1637 3041 Dur)
1657 3000 1861 3039 cujuscumque
1872 2997 1960 3031 status
1973 3000 2017 3032 seu
2032 3003 2208 3035 conditionis
2219 3006 2332 3045 fuerint,

1261 3046 1340 3074 Juxta
1353 3037 1439 3069 status
1454 3038 1494 3068 sui
1505 3038 1671 3076 exigentiam
1681 3061 1690 3076 ,
1708 3038 1803 3068 Armis
1815 3040 2041 3078 competentibus
2047 3042 2154 3073 arraiari
2163 3066 2173 3082 ,
2190 3044 2265 3075 &in
2275 3045 2331 3076 Ar-

1264 3077 1399 3107 raiatione
1412 3078 1498 3108 teneri
1507 3099 1516 3115 ,
1535 3077 1569 3106 ita
1581 3077 1661 3116 quod
1674 3077 1783 3114 semper
1795 3075 1928 3115 Prompti
1942 3078 1993 3109 fint
2008 3079 2042 3110 δε
2055 3079 2147 3113 Parati
2160 3082 2195 3114 ad
2204 3083 2330 3114 resisten-

1264 3114 1471 3147 dumMalinae
1483 3115 1672 3145 Inimicorum
1692 3115 1852 3146 nostrorum
1870 3116 2091 3157 praedictorum,
2110 3120 2131 3151 fi
2149 3122 2197 3160 qui
2218 3122 2331 3162 ingredi·

1263 3155 1486 3194 praesumpserint
1500 3153 1595 3185 Partes
1606 3154 1664 3185 iilas
1672 3175 1682 3191 ,

1301 3191 1434 3225 Necnon
1450 3202 1551 3223 omnes
1562 3191 1723 3231 Homines,
1741 3192 1890 3232 Suspeetos
1903 3193 1932 3224 in
1953 3193 2103 3227 Dominio
2117 3196 2211 3228 vestro
2224 3197 2333 3235 praedi-v

1263 3230 1332 3270 ero,
1349 3232 1432 3262 dietis
1444 3231 1568 3262 inimicis
1590 3230 1688 3261 nostris
1703 3231 1905 3271 Adhaerentes,
1921 3233 1965 3263 vel
1983 3233 2019 3265 de
2039 3233 2173 3274 Covina,
2193 3236 2327 3275 Auxilio,

1264 3269 1410 3308 Consilio,
1430 3281 1475 3301 aut
1492 3269 1514 3300 F
1516 3279 1600 3300 avore
1614 3270 1835 3308 quomodolibet
1847 3271 2009 3311 existentes,
2024 3273 2152 3311 arestari,
2171 3275 2203 3305 ὃ(
2219 3275 2269 3305 iub
2282 3275 2326 3306 A-

1263 3308 1338 3340 resto
1352 3310 1383 3340 in
1396 3309 1511 3339 Prisona
1523 3307 1634 3347 nostra„
1654 3308 1704 3341 sub
1716 3308 1942 3348 salvacustodia,
1958 3310 2099 3343 lminente
2113 3311 2246 3343 Periculo
2252 3323 2327 3351 prae-

1262 3347 1354 3385 dieto,
1373 3348 1491 3379 detineri
1505 3347 1625 3384 faciatis,
1643 3347 1682 3378 ita
1695 3346 1906 3387 quodNobis,
1924 3349 1957 3380 &
1972 3349 2078 3388 Regno
2085 3349 2200 3388 nostro,
2217 3360 2263 3382 aut
2271 3351 2326 3382 Li*

1260 3387 1319 3455 ῗίε
1333 3386 1434 3417 nostris
1448 3385 1586 3425 praedietis
1600 3386 1726 3426 ibidem,
1746 3396 1794 3423 per
1805 3386 1897 3417 dictos
1911 3386 2048 3419 Inimicos
2060 3388 2188 3425 nostr08‚
2205 3389 2251 3420 seu
2270 3391 2322 3423 fibi

1290 3425 1460 3463 dhaerenres,
1476 3424 1645 3461 Dampnum
1663 3425 1708 3455 vel
1733 3424 1896 3455 Periculum
1921 3435 1980 3455 non
2005 3428 2113 3457 eveniat
2132 3427 2266 3467 aliquale,
2284 3430 2326 3461 ὃς.

1260 3465 1336 3502 hoc,
1350 3464 1401 3496 sub
1420 3463 1605 3494 Forisfaerura
1626 3464 1773 3501 praedicta,
1791 3463 1824 3494 &
1842 3464 1912 3493 ficut
1929 3464 2013 3502 Nos,
2032 3465 2066 3495 δι
2090 3464 2246 3497 Honorem
2264 3476 2319 3498 no-

1260 3503 1370 3540 strum,
1382 3513 1416 3534 ac
1433 3502 1619 3533 Salvationern
1634 3501 1733 3539 Regni
1748 3501 1836 3533 nostri
1856 3502 1889 3532 &
1909 3501 2088 3540 Principatiis
2109 3504 2316 3540 praedietorum

1257 3542 1305 3573 dili
1329 3542 1387 3580 tis,
1405 3541 1559 3572 nullatenus
1571 3541 1716 3571 omittatis.

1327 3579 1386 3612 este
1398 3579 1480 3619 Rege
1492 3577 1567 3617 apud
1582 3577 1886 3616 Westmonasterium‚
1902 3577 2017 3609 decimo
2029 3578 2076 3610 die
2091 3579 2283 3614 Novembris.

1865 3655 1918 3684 Per
1935 3654 2020 3695 ipsicm
2036 3659 2142 3695 Regem.

1254 3733 1420 3766 consimilia
1433 3731 1534 3764 Brevia
1544 3731 1701 3772 diriguntur
1716 3731 1889 3772 subscriptis,
1900 3731 1949 3763 sub
1962 3733 2061 3764 eadem
2075 3734 2155 3772 dati,
2174 3734 2317 3776 videlicet,

1290 3811 1433 3842 Edwardo
1450 3811 1569 3847 Principi
1581 3812 1764 3849 Aquitaniae,
1783 3806 1821 3843 &
1844 3807 1963 3842 Wzlliae.

1291 3850 1412 3881 Waltero
1435 3850 1467 3878 de
1487 3851 1613 3887 Masmy,
1628 3849 1744 3877 Domino
1762 3848 1915 3878 eomitatnis
1932 3848 1964 3880 de
1982 3848 2162 3889 Merymoueh,

1291 3887 1437 3926 Reginaldo
1454 3885 1486 3916 de
1504 3889 1592 3923 Gay,
1609 3887 1728 3916 Domino
1747 3887 1778 3916 de
1796 3885 1914 3924 Ruthyn.

1291 3927 1419 3965 Johanm‘
1433 3925 1465 3954 de
1479 3923 1626 3962 Cherlton,
1644 3927 1760 3955 Domino
1779 3925 1810 3955 de
1828 3926 1935 3964 Powyt.

1289 3965 1422 4002 Ricardo,
1437 3966 1535 3993 comiti
1549 3962 1726 3993 Arundellae.

1291 4003 1450 4040 Edmundo,
1469 4004 1565 4031 comiti
1583 4001 1728 4032 Marchiae.

1288 4041 1413 4079 Thamae,
1433 4043 1531 4071 Comiti
1552 4041 1729 4081 Warewycae.

1740 4076 1805 4115 Y3
