<?xml version="1.0" encoding="UTF-8"?>
<!DOCTYPE html PUBLIC "-//W3C//DTD XHTML 1.0 Transitional//EN"
    "http://www.w3.org/TR/xhtml1/DTD/xhtml1-transitional.dtd">
<html xmlns="http://www.w3.org/1999/xhtml" xml:lang="en" lang="en">
 <head>
  <title>
</title>
<meta http-equiv="Content-Type" content="text/html;charset=utf-8" />
  <meta name='ocr-system' content='tesseract 3.04.00' />
  <meta name='ocr-capabilities' content='ocr_page ocr_carea ocr_par ocr_line ocrx_word'/>
</head>
<body>
  <div class='ocr_page' id='page_1' title='image "./fderaconventione03ryme/fderaconventione03ryme_0134.png"; bbox 0 0 2561 4251; ppageno 0'>
   <div class='ocr_carea' id='block_1_1' title="bbox 45 244 176 278">
    <p class='ocr_par' dir='ltr' id='par_1_1' title="bbox 45 244 176 278">
     <span class='ocr_line' id='line_1_1' title="bbox 45 244 176 278; baseline -0.015 0"><span class='ocrx_word' id='word_1_1' title='bbox 45 244 176 278; x_wconf 69' lang='lat' dir='ltr'>Aan.</span> 
     </span>
    </p>
   </div>
   <div class='ocr_carea' id='block_1_2' title="bbox 45 292 154 361">
    <p class='ocr_par' dir='ltr' id='par_1_2' title="bbox 45 292 154 361">
     <span class='ocr_line' id='line_1_2' title="bbox 45 292 154 361; baseline 0 -9"><span class='ocrx_word' id='word_1_2' title='bbox 45 292 123 352; x_wconf 50' lang='lat'>2215</span> <span class='ocrx_word' id='word_1_3' title='bbox 125 293 140 361; x_wconf 56' lang='grc' dir='ltr'><em>Ξ</em></span> <span class='ocrx_word' id='word_1_4' title='bbox 144 307 154 352; x_wconf 64' lang='lat' dir='ltr'>J</span> 
     </span>
    </p>
   </div>
   <div class='ocr_carea' id='block_1_3' title="bbox 192 178 248 216">
    <p class='ocr_par' dir='ltr' id='par_1_3' title="bbox 192 178 248 216">
     <span class='ocr_line' id='line_1_3' title="bbox 192 178 248 216; baseline 0 -8"><span class='ocrx_word' id='word_1_5' title='bbox 192 178 248 216; x_wconf 74' lang='lat'>90</span> 
     </span>
    </p>
   </div>
   <div class='ocr_carea' id='block_1_4' title="bbox 195 248 1265 635">
    <p class='ocr_par' dir='ltr' id='par_1_4' title="bbox 195 248 1265 635">
     <span class='ocr_line' id='line_1_4' title="bbox 195 248 1260 294; baseline -0.003 -12"><span class='ocrx_word' id='word_1_6' title='bbox 195 251 264 283; x_wconf 82' lang='lat' dir='ltr'>dem</span> <span class='ocrx_word' id='word_1_7' title='bbox 278 251 452 290; x_wconf 68' lang='lat' dir='ltr'>convocat-51,</span> <span class='ocrx_word' id='word_1_8' title='bbox 469 250 537 282; x_wconf 72' lang='lat' dir='ltr'>dieti</span> <span class='ocrx_word' id='word_1_9' title='bbox 565 250 784 290; x_wconf 77' lang='lat' dir='ltr'>Procuratores,</span> <span class='ocrx_word' id='word_1_10' title='bbox 803 252 984 283; x_wconf 78' lang='lat' dir='ltr'>Nominibus</span> <span class='ocrx_word' id='word_1_11' title='bbox 1005 252 1106 289; x_wconf 80' lang='lat' dir='ltr'>quibus</span> <span class='ocrx_word' id='word_1_12' title='bbox 1127 248 1260 294; x_wconf 29' lang='lat' dir='ltr'>supra,*se</span> 
     </span>
     <span class='ocr_line' id='line_1_5' title="bbox 196 288 1262 332; baseline -0.002 -12"><span class='ocrx_word' id='word_1_13' title='bbox 196 290 357 321; x_wconf 77' lang='lat' dir='ltr'>adinvicem</span> <span class='ocrx_word' id='word_1_14' title='bbox 370 291 503 320; x_wconf 87' lang='lat' dir='ltr'>dederunt</span> <span class='ocrx_word' id='word_1_15' title='bbox 517 292 549 320; x_wconf 70' lang='grc' dir='ltr'>δε</span> <span class='ocrx_word' id='word_1_16' title='bbox 563 291 777 328; x_wconf 80' lang='lat' dir='ltr'>concesserunt,</span> <span class='ocrx_word' id='word_1_17' title='bbox 793 291 860 321; x_wconf 82' lang='lat' dir='ltr'>dant</span> <span class='ocrx_word' id='word_1_18' title='bbox 873 293 907 322; x_wconf 87' lang='lat'>&amp;</span> <span class='ocrx_word' id='word_1_19' title='bbox 921 291 1099 329; x_wconf 87' lang='lat' dir='ltr'>concedunt,</span> <span class='ocrx_word' id='word_1_20' title='bbox 1118 300 1166 327; x_wconf 90' lang='lat' dir='ltr'>per</span> <span class='ocrx_word' id='word_1_21' title='bbox 1184 288 1262 332; x_wconf 77' lang='lat' dir='ltr'>istius</span> 
     </span>
     <span class='ocr_line' id='line_1_6' title="bbox 199 327 1262 367; baseline -0.003 -9"><span class='ocrx_word' id='word_1_22' title='bbox 199 327 293 359; x_wconf 82' lang='lat' dir='ltr'>Cartae</span> <span class='ocrx_word' id='word_1_23' title='bbox 312 329 357 359; x_wconf 88' lang='lat' dir='ltr'>seu</span> <span class='ocrx_word' id='word_1_24' title='bbox 377 328 555 358; x_wconf 85' lang='lat' dir='ltr'>instrumenti</span> <span class='ocrx_word' id='word_1_25' title='bbox 572 329 739 367; x_wconf 84' lang='lat' dir='ltr'>Tenorem,</span> <span class='ocrx_word' id='word_1_26' title='bbox 754 339 805 366; x_wconf 88' lang='lat' dir='ltr'>pro</span> <span class='ocrx_word' id='word_1_27' title='bbox 825 339 902 359; x_wconf 87' lang='lat' dir='ltr'>nunc</span> <span class='ocrx_word' id='word_1_28' title='bbox 919 329 952 358; x_wconf 64' lang='grc' dir='ltr'>ὃς</span> <span class='ocrx_word' id='word_1_29' title='bbox 974 328 1070 358; x_wconf 92' lang='lat' dir='ltr'>futuris</span> <span class='ocrx_word' id='word_1_30' title='bbox 1088 327 1262 365; x_wconf 89' lang='lat' dir='ltr'>temporibus</span> 
     </span>
     <span class='ocr_line' id='line_1_7' title="bbox 199 366 1263 405; baseline -0.003 -8"><span class='ocrx_word' id='word_1_31' title='bbox 199 368 427 405; x_wconf 77' lang='lat' dir='ltr'>imperpetuum,</span> <span class='ocrx_word' id='word_1_32' title='bbox 445 366 552 396; x_wconf 83' lang='lat' dir='ltr'>Bonam</span> <span class='ocrx_word' id='word_1_33' title='bbox 575 368 607 398; x_wconf 61' lang='grc' dir='ltr'>ἅτ.</span> <span class='ocrx_word' id='word_1_34' title='bbox 634 368 756 397; x_wconf 78' lang='lat' dir='ltr'>Firmani</span> <span class='ocrx_word' id='word_1_35' title='bbox 780 367 887 397; x_wconf 88' lang='lat' dir='ltr'>Pacem</span> <span class='ocrx_word' id='word_1_36' title='bbox 904 366 1078 405; x_wconf 79' lang='lat' dir='ltr'>duraturam,</span> <span class='ocrx_word' id='word_1_37' title='bbox 1104 366 1263 401; x_wconf 86' lang='lat' dir='ltr'><strong>Amorem,</strong></span> 
     </span>
     <span class='ocr_line' id='line_1_8' title="bbox 201 403 1264 443; baseline -0.002 -9"><span class='ocrx_word' id='word_1_38' title='bbox 201 404 412 442; x_wconf 77' lang='lat' dir='ltr'>Concordiam,</span> <span class='ocrx_word' id='word_1_39' title='bbox 431 404 463 434; x_wconf 86' lang='lat'>&amp;</span> <span class='ocrx_word' id='word_1_40' title='bbox 478 403 673 435; x_wconf 69' lang='lat' dir='ltr'>Dilec&#39;lionem</span> <span class='ocrx_word' id='word_1_41' title='bbox 690 407 761 435; x_wconf 90' lang='lat' dir='ltr'>inter</span> <span class='ocrx_word' id='word_1_42' title='bbox 776 415 877 435; x_wconf 85' lang='lat' dir='ltr'>omnes</span> <span class='ocrx_word' id='word_1_43' title='bbox 890 405 923 435; x_wconf 73' lang='lat' dir='ltr'>&lt;Sc</span> <span class='ocrx_word' id='word_1_44' title='bbox 941 405 1058 443; x_wconf 86' lang='lat' dir='ltr'>singulos</span> <span class='ocrx_word' id='word_1_45' title='bbox 1074 404 1182 435; x_wconf 86' lang='lat' dir='ltr'>Gentes</span> <span class='ocrx_word' id='word_1_46' title='bbox 1197 403 1264 434; x_wconf 83' lang='lat' dir='ltr'>Na-</span> 
     </span>
     <span class='ocr_line' id='line_1_9' title="bbox 200 441 1262 484; baseline -0.003 -12"><span class='ocrx_word' id='word_1_47' title='bbox 200 445 336 483; x_wconf 73' lang='lat' dir='ltr'>vigantes,</span> <span class='ocrx_word' id='word_1_48' title='bbox 355 444 388 474; x_wconf 83' lang='lat'>&amp;</span> <span class='ocrx_word' id='word_1_49' title='bbox 410 443 485 472; x_wconf 84' lang='lat' dir='ltr'>Alias</span> <span class='ocrx_word' id='word_1_50' title='bbox 504 444 642 474; x_wconf 57' lang='lat' dir='ltr'>diffluum</span> <span class='ocrx_word' id='word_1_51' title='bbox 666 443 805 473; x_wconf 88' lang='lat' dir='ltr'>Villarum</span> <span class='ocrx_word' id='word_1_52' title='bbox 821 445 854 473; x_wconf 86' lang='lat'>&amp;</span> <span class='ocrx_word' id='word_1_53' title='bbox 874 443 1022 473; x_wconf 82' lang='lat' dir='ltr'>Locorum</span> <span class='ocrx_word' id='word_1_54' title='bbox 1043 443 1079 473; x_wconf 93' lang='lat' dir='ltr'>de</span> <span class='ocrx_word' id='word_1_55' title='bbox 1092 443 1117 473; x_wconf 88' lang='lat' dir='ltr'>la</span> <span class='ocrx_word' id='word_1_56' title='bbox 1131 441 1262 484; x_wconf 82' lang='lat' dir='ltr'>Marisme</span> 
     </span>
     <span class='ocr_line' id='line_1_10' title="bbox 201 477 1262 523; baseline -0.003 -12"><span class='ocrx_word' id='word_1_57' title='bbox 201 482 329 511; x_wconf 71' lang='lat' dir='ltr'>Castellae</span> <span class='ocrx_word' id='word_1_58' title='bbox 343 480 484 518; x_wconf 57' lang='lat' dir='ltr'>praedictae</span> <span class='ocrx_word' id='word_1_59' title='bbox 494 503 503 518; x_wconf 92' lang='lat'>,</span> <span class='ocrx_word' id='word_1_60' title='bbox 525 483 558 512; x_wconf 71' lang='grc' dir='ltr'>δε</span> <span class='ocrx_word' id='word_1_61' title='bbox 571 491 670 511; x_wconf 88' lang='lat' dir='ltr'>omnes</span> <span class='ocrx_word' id='word_1_62' title='bbox 683 482 715 511; x_wconf 84' lang='lat'>&amp;</span> <span class='ocrx_word' id='word_1_63' title='bbox 733 481 847 515; x_wconf 71' lang='lat' dir='ltr'>singulas</span> <span class='ocrx_word' id='word_1_64' title='bbox 860 481 969 511; x_wconf 83' lang='lat' dir='ltr'>Gentes</span> <span class='ocrx_word' id='word_1_65' title='bbox 978 482 1010 512; x_wconf 71' lang='grc' dir='ltr'>δε</span> <span class='ocrx_word' id='word_1_66' title='bbox 1026 481 1203 523; x_wconf 83' lang='lat' dir='ltr'>Navigantes</span> <span class='ocrx_word' id='word_1_67' title='bbox 1209 477 1262 508; x_wconf 92' lang='lat' dir='ltr'>Ci-</span> 
     </span>
     <span class='ocr_line' id='line_1_11' title="bbox 200 518 1264 556; baseline -0.002 -7"><span class='ocrx_word' id='word_1_68' title='bbox 200 521 292 550; x_wconf 80' lang='lat' dir='ltr'>vitatis</span> <span class='ocrx_word' id='word_1_69' title='bbox 306 519 421 549; x_wconf 72' lang='lat' dir='ltr'>Baionae</span> <span class='ocrx_word' id='word_1_70' title='bbox 435 522 467 549; x_wconf 68' lang='grc' dir='ltr'>ὃς</span> <span class='ocrx_word' id='word_1_71' title='bbox 485 519 558 550; x_wconf 83' lang='lat' dir='ltr'>Loci</span> <span class='ocrx_word' id='word_1_72' title='bbox 575 520 609 550; x_wconf 90' lang='lat' dir='ltr'>de</span> <span class='ocrx_word' id='word_1_73' title='bbox 621 519 671 549; x_wconf 84' lang='lat' dir='ltr'>Ber</span> <span class='ocrx_word' id='word_1_74' title='bbox 684 520 729 549; x_wconf 61' lang='lat' dir='ltr'>’ch</span> <span class='ocrx_word' id='word_1_75' title='bbox 739 541 749 556; x_wconf 90' lang='lat'>,</span> <span class='ocrx_word' id='word_1_76' title='bbox 764 519 813 550; x_wconf 89' lang='lat' dir='ltr'>sub</span> <span class='ocrx_word' id='word_1_77' title='bbox 825 519 870 551; x_wconf 80' lang='lat' dir='ltr'>tali</span> <span class='ocrx_word' id='word_1_78' title='bbox 887 520 992 550; x_wconf 63' lang='lat' dir='ltr'>Forma</span> <span class='ocrx_word' id='word_1_79' title='bbox 1012 522 1044 551; x_wconf 71' lang='grc' dir='ltr'>ὃ(</span> <span class='ocrx_word' id='word_1_80' title='bbox 1068 518 1264 554; x_wconf 88' lang='lat' dir='ltr'>Conditione,</span> 
     </span>
     <span class='ocr_line' id='line_1_12' title="bbox 202 530 1264 597; baseline -0.004 -9"><span class='ocrx_word' id='word_1_81' title='bbox 202 557 280 595; x_wconf 80' lang='lat' dir='ltr'>quod</span> <span class='ocrx_word' id='word_1_82' title='bbox 290 580 299 596; x_wconf 92' lang='lat'>,</span> <span class='ocrx_word' id='word_1_83' title='bbox 313 557 349 587; x_wconf 88' lang='lat' dir='ltr'>de</span> <span class='ocrx_word' id='word_1_84' title='bbox 361 566 483 596; x_wconf 65' lang='lat' dir='ltr'>caetero,</span> <span class='ocrx_word' id='word_1_85' title='bbox 503 567 604 587; x_wconf 82' lang='lat' dir='ltr'>omnes</span> <span class='ocrx_word' id='word_1_86' title='bbox 620 530 844 596; x_wconf 78' lang='lat' dir='ltr'>Malivolenriae,</span> <span class='ocrx_word' id='word_1_87' title='bbox 864 557 1030 597; x_wconf 79' lang='lat' dir='ltr'>Rancores,</span> <span class='ocrx_word' id='word_1_88' title='bbox 1048 559 1081 588; x_wconf 87' lang='lat'>&amp;</span> <span class='ocrx_word' id='word_1_89' title='bbox 1104 555 1264 587; x_wconf 87' lang='lat' dir='ltr'>Discordiae</span> 
     </span>
     <span class='ocr_line' id='line_1_13' title="bbox 204 595 1265 635; baseline -0.003 -8"><span class='ocrx_word' id='word_1_90' title='bbox 204 596 326 634; x_wconf 81' lang='lat' dir='ltr'>cessent,</span> <span class='ocrx_word' id='word_1_91' title='bbox 341 597 375 627; x_wconf 72' lang='grc' dir='ltr'>δε</span> <span class='ocrx_word' id='word_1_92' title='bbox 391 597 469 633; x_wconf 78' lang='lat' dir='ltr'>quod</span> <span class='ocrx_word' id='word_1_93' title='bbox 484 597 578 625; x_wconf 81' lang='lat' dir='ltr'>omnis</span> <span class='ocrx_word' id='word_1_94' title='bbox 591 596 704 634; x_wconf 85' lang='lat' dir='ltr'>Amor,</span> <span class='ocrx_word' id='word_1_95' title='bbox 716 595 861 635; x_wconf 72' lang='lat' dir='ltr'>Dilefflo,</span> <span class='ocrx_word' id='word_1_96' title='bbox 875 597 908 627; x_wconf 64' lang='grc' dir='ltr'>ὃς</span> <span class='ocrx_word' id='word_1_97' title='bbox 924 596 1107 635; x_wconf 78' lang='lat' dir='ltr'>Concordia,</span> <span class='ocrx_word' id='word_1_98' title='bbox 1129 595 1179 625; x_wconf 88' lang='lat' dir='ltr'>sint</span> <span class='ocrx_word' id='word_1_99' title='bbox 1194 596 1265 624; x_wconf 87' lang='lat' dir='ltr'>inter</span> 
     </span>
    </p>
   </div>
   <div class='ocr_carea' id='block_1_5' title="bbox 202 633 1269 943">
    <p class='ocr_par' dir='ltr' id='par_1_5' title="bbox 203 633 465 665">
     <span class='ocr_line' id='line_1_14' title="bbox 203 633 465 665; baseline 0 -1"><span class='ocrx_word' id='word_1_100' title='bbox 203 634 312 665; x_wconf 77' lang='lat' dir='ltr'>Gentes</span> <span class='ocrx_word' id='word_1_101' title='bbox 326 634 358 665; x_wconf 85' lang='lat'>&amp;</span> <span class='ocrx_word' id='word_1_102' title='bbox 371 633 465 664; x_wconf 84' lang='lat' dir='ltr'>Partes</span> 
     </span>
    </p>

    <p class='ocr_par' dir='ltr' id='par_1_6' title="bbox 202 672 1269 943">
     <span class='ocr_line' id='line_1_15' title="bbox 240 672 462 712; baseline -0.009 -8"><span class='ocrx_word' id='word_1_103' title='bbox 240 673 278 704; x_wconf 88' lang='lat' dir='ltr'>Et</span> <span class='ocrx_word' id='word_1_104' title='bbox 292 672 370 712; x_wconf 81' lang='lat' dir='ltr'>quod</span> <span class='ocrx_word' id='word_1_105' title='bbox 387 672 462 702; x_wconf 62' lang='lat' dir='ltr'>dicta</span> 
     </span>
     <span class='ocr_line' id='line_1_16' title="bbox 203 710 1266 749; baseline -0.001 -8"><span class='ocrx_word' id='word_1_106' title='bbox 203 710 259 741; x_wconf 76' lang='lat' dir='ltr'>lide</span> <span class='ocrx_word' id='word_1_107' title='bbox 280 722 312 741; x_wconf 77' lang='lat' dir='ltr'>ac</span> <span class='ocrx_word' id='word_1_108' title='bbox 333 711 459 741; x_wconf 74' lang='lat' dir='ltr'>securiter</span> <span class='ocrx_word' id='word_1_109' title='bbox 480 710 639 748; x_wconf 72' lang='lat' dir='ltr'>observata,</span> <span class='ocrx_word' id='word_1_110' title='bbox 658 711 691 741; x_wconf 60' lang='grc' dir='ltr'>ὃς</span> <span class='ocrx_word' id='word_1_111' title='bbox 713 711 792 749; x_wconf 80' lang='lat' dir='ltr'>quod</span> <span class='ocrx_word' id='word_1_112' title='bbox 813 711 914 742; x_wconf 87' lang='lat' dir='ltr'>Nullus</span> <span class='ocrx_word' id='word_1_113' title='bbox 933 711 1073 749; x_wconf 89' lang='lat' dir='ltr'>ipsorum,</span> <span class='ocrx_word' id='word_1_114' title='bbox 1094 720 1147 741; x_wconf 91' lang='lat' dir='ltr'>nec</span> <span class='ocrx_word' id='word_1_115' title='bbox 1167 718 1266 740; x_wconf 89' lang='lat' dir='ltr'>eorum</span> 
     </span>
     <span class='ocr_line' id='line_1_17' title="bbox 202 749 1267 787; baseline -0.003 -6"><span class='ocrx_word' id='word_1_116' title='bbox 202 749 395 787; x_wconf 76' lang='lat' dir='ltr'>Succeilores,</span> <span class='ocrx_word' id='word_1_117' title='bbox 412 758 548 785; x_wconf 72' lang='lat' dir='ltr'>nequeant</span> <span class='ocrx_word' id='word_1_118' title='bbox 570 749 677 779; x_wconf 75' lang='lat' dir='ltr'>dictam</span> <span class='ocrx_word' id='word_1_119' title='bbox 700 749 805 780; x_wconf 80' lang='lat' dir='ltr'>Pacem</span> <span class='ocrx_word' id='word_1_120' title='bbox 827 750 872 780; x_wconf 88' lang='lat' dir='ltr'>seu</span> <span class='ocrx_word' id='word_1_121' title='bbox 893 749 1091 779; x_wconf 80' lang='lat' dir='ltr'>Concordiam</span> <span class='ocrx_word' id='word_1_122' title='bbox 1113 749 1267 785; x_wconf 80' lang='lat' dir='ltr'>infringere</span> 
     </span>
     <span class='ocr_line' id='line_1_18' title="bbox 204 787 1269 826; baseline -0.003 -7"><span class='ocrx_word' id='word_1_123' title='bbox 204 789 304 826; x_wconf 65' lang='lat' dir='ltr'>quovis</span> <span class='ocrx_word' id='word_1_124' title='bbox 325 790 431 825; x_wconf 79' lang='lat' dir='ltr'>mode,</span> <span class='ocrx_word' id='word_1_125' title='bbox 452 788 495 817; x_wconf 85' lang='lat' dir='ltr'>seu</span> <span class='ocrx_word' id='word_1_126' title='bbox 517 787 622 818; x_wconf 83' lang='lat' dir='ltr'>eisdem</span> <span class='ocrx_word' id='word_1_127' title='bbox 645 789 858 826; x_wconf 81' lang='lat' dir='ltr'>contravenire,</span> <span class='ocrx_word' id='word_1_128' title='bbox 873 787 943 818; x_wconf 70' lang='lat' dir='ltr'>dieti</span> <span class='ocrx_word' id='word_1_129' title='bbox 964 791 1035 819; x_wconf 80' lang='lat' dir='ltr'>vero</span> <span class='ocrx_word' id='word_1_130' title='bbox 1052 787 1269 825; x_wconf 81' lang='lat' dir='ltr'>Procuratores,</span> 
     </span>
     <span class='ocr_line' id='line_1_19' title="bbox 203 826 1268 864; baseline -0.002 -7"><span class='ocrx_word' id='word_1_131' title='bbox 203 826 365 857; x_wconf 72' lang='lat' dir='ltr'>nominibus</span> <span class='ocrx_word' id='word_1_132' title='bbox 379 836 481 856; x_wconf 84' lang='lat' dir='ltr'>corum</span> <span class='ocrx_word' id='word_1_133' title='bbox 497 826 597 863; x_wconf 84' lang='lat' dir='ltr'>quibus</span> <span class='ocrx_word' id='word_1_134' title='bbox 607 827 683 863; x_wconf 85' lang='lat' dir='ltr'>supra</span> <span class='ocrx_word' id='word_1_135' title='bbox 693 849 702 864; x_wconf 88' lang='lat'>,</span> <span class='ocrx_word' id='word_1_136' title='bbox 720 836 755 856; x_wconf 80' lang='lat' dir='ltr'>ex</span> <span class='ocrx_word' id='word_1_137' title='bbox 768 826 908 857; x_wconf 86' lang='lat' dir='ltr'>Potestate</span> <span class='ocrx_word' id='word_1_138' title='bbox 922 826 1027 857; x_wconf 89' lang='lat' dir='ltr'>eisdem</span> <span class='ocrx_word' id='word_1_139' title='bbox 1039 827 1072 857; x_wconf 73' lang='grc' dir='ltr'>δε</span> <span class='ocrx_word' id='word_1_140' title='bbox 1087 836 1185 857; x_wconf 90' lang='lat' dir='ltr'>eorum</span> <span class='ocrx_word' id='word_1_141' title='bbox 1207 826 1268 856; x_wconf 88' lang='lat' dir='ltr'>cui-</span> 
     </span>
     <span class='ocr_line' id='line_1_20' title="bbox 203 863 1268 902; baseline 0 -7"><span class='ocrx_word' id='word_1_142' title='bbox 203 865 270 895; x_wconf 83' lang='lat' dir='ltr'>libet</span> <span class='ocrx_word' id='word_1_143' title='bbox 287 863 435 901; x_wconf 72' lang='lat' dir='ltr'>concessa,</span> <span class='ocrx_word' id='word_1_144' title='bbox 451 865 623 894; x_wconf 70' lang='lat' dir='ltr'>affirmarunt</span> <span class='ocrx_word' id='word_1_145' title='bbox 636 867 670 896; x_wconf 71' lang='grc' dir='ltr'>δε</span> <span class='ocrx_word' id='word_1_146' title='bbox 684 865 892 902; x_wconf 70' lang='lat' dir='ltr'>concesserunt,</span> <span class='ocrx_word' id='word_1_147' title='bbox 911 865 1051 896; x_wconf 86' lang='lat' dir='ltr'>affirmant</span> <span class='ocrx_word' id='word_1_148' title='bbox 1058 865 1182 896; x_wconf 88' lang='lat' dir='ltr'>etiam&amp;</span> <span class='ocrx_word' id='word_1_149' title='bbox 1197 874 1268 895; x_wconf 88' lang='lat' dir='ltr'>con-</span> 
     </span>
     <span class='ocr_line' id='line_1_21' title="bbox 204 901 1008 943; baseline 0 -9"><span class='ocrx_word' id='word_1_150' title='bbox 204 903 323 940; x_wconf 86' lang='lat' dir='ltr'>cedunt,</span> <span class='ocrx_word' id='word_1_151' title='bbox 339 902 534 940; x_wconf 68' lang='lat' dir='ltr'>obligationes</span> <span class='ocrx_word' id='word_1_152' title='bbox 549 903 583 933; x_wconf 89' lang='lat'>&amp;</span> <span class='ocrx_word' id='word_1_153' title='bbox 599 901 702 934; x_wconf 84' lang='lat' dir='ltr'>Causas</span> <span class='ocrx_word' id='word_1_154' title='bbox 715 904 833 934; x_wconf 77' lang='lat' dir='ltr'>inferius</span> <span class='ocrx_word' id='word_1_155' title='bbox 845 903 1008 943; x_wconf 72' lang='lat' dir='ltr'>descriptas,</span> 
     </span>
    </p>
   </div>
   <div class='ocr_carea' id='block_1_6' title="bbox 477 634 1267 711">
    <p class='ocr_par' dir='ltr' id='par_1_7' title="bbox 477 634 1267 711">
     <span class='ocr_line' id='line_1_22' title="bbox 496 634 1091 672; baseline 0.002 -10"><span class='ocrx_word' id='word_1_156' title='bbox 496 634 621 663; x_wconf 57' lang='lat' dir='ltr'>ricciiclas</span> <span class='ocrx_word' id='word_1_157' title='bbox 630 657 639 671; x_wconf 97' lang='lat'>,</span> <span class='ocrx_word' id='word_1_158' title='bbox 651 634 682 664; x_wconf 87' lang='lat'><strong>&amp;</strong></span> <span class='ocrx_word' id='word_1_159' title='bbox 700 636 769 664; x_wconf 88' lang='lat' dir='ltr'>inter</span> <span class='ocrx_word' id='word_1_160' title='bbox 782 645 882 665; x_wconf 88' lang='lat' dir='ltr'>eorum</span> <span class='ocrx_word' id='word_1_161' title='bbox 897 634 1091 672; x_wconf 87' lang='lat' dir='ltr'>Successores,</span> 
     </span>
     <span class='ocr_line' id='line_1_23' title="bbox 477 643 1267 711; baseline 0.001 -10"><span class='ocrx_word' id='word_1_162' title='bbox 477 643 535 702; x_wconf 59' lang='lat' dir='ltr'>Pax</span> <span class='ocrx_word' id='word_1_163' title='bbox 554 672 583 702; x_wconf 85' lang='lat' dir='ltr'>sit</span> <span class='ocrx_word' id='word_1_164' title='bbox 596 673 667 702; x_wconf 90' lang='lat' dir='ltr'>inter</span> <span class='ocrx_word' id='word_1_165' title='bbox 683 668 936 711; x_wconf 62' lang='lat' dir='ltr'>Partes&#39;praedidtas</span> <span class='ocrx_word' id='word_1_166' title='bbox 949 674 1040 710; x_wconf 83' lang='lat' dir='ltr'>magis</span> <span class='ocrx_word' id='word_1_167' title='bbox 1055 671 1153 710; x_wconf 82' lang='lat' dir='ltr'>firma,</span> <span class='ocrx_word' id='word_1_168' title='bbox 1171 671 1204 702; x_wconf 89' lang='lat'>&amp;</span> <span class='ocrx_word' id='word_1_169' title='bbox 1216 681 1267 702; x_wconf 90' lang='lat' dir='ltr'>va-</span> 
     </span>
    </p>
   </div>
   <div class='ocr_carea' id='block_1_7' title="bbox 204 978 1281 2483">
    <p class='ocr_par' dir='ltr' id='par_1_8' title="bbox 204 978 1276 1595">
     <span class='ocr_line' id='line_1_24' title="bbox 243 978 1268 1018; baseline 0.001 -9"><span class='ocrx_word' id='word_1_170' title='bbox 243 978 288 1010; x_wconf 70' lang='lat' dir='ltr'>IN</span> <span class='ocrx_word' id='word_1_171' title='bbox 309 979 333 1009; x_wconf 91' lang='grc' dir='ltr'>Ρ</span> <span class='ocrx_word' id='word_1_172' title='bbox 343 989 365 1010; x_wconf 79' lang='lat' dir='ltr'>R</span> <span class='ocrx_word' id='word_1_173' title='bbox 377 989 388 1009; x_wconf 82' lang='lat' dir='ltr'>r</span> <span class='ocrx_word' id='word_1_174' title='bbox 401 987 426 1009; x_wconf 82' lang='grc' dir='ltr'><strong>Μ</strong></span> <span class='ocrx_word' id='word_1_175' title='bbox 438 988 486 1018; x_wconf 79' lang='lat' dir='ltr'>rs,</span> <span class='ocrx_word' id='word_1_176' title='bbox 505 979 584 1017; x_wconf 81' lang='lat' dir='ltr'>quod</span> <span class='ocrx_word' id='word_1_177' title='bbox 599 980 619 1010; x_wconf 83' lang='lat' dir='ltr'>si</span> <span class='ocrx_word' id='word_1_178' title='bbox 633 980 744 1010; x_wconf 84' lang='lat' dir='ltr'>forsitan</span> <span class='ocrx_word' id='word_1_179' title='bbox 761 980 848 1018; x_wconf 84' lang='lat' dir='ltr'>aliqui</span> <span class='ocrx_word' id='word_1_180' title='bbox 864 981 1130 1018; x_wconf 74' lang='lat' dir='ltr'>praenominatarum</span> <span class='ocrx_word' id='word_1_181' title='bbox 1144 979 1268 1011; x_wconf 80' lang='lat' dir='ltr'>Patrium</span> 
     </span>
     <span class='ocr_line' id='line_1_25' title="bbox 205 1018 1269 1057; baseline 0.001 -8"><span class='ocrx_word' id='word_1_182' title='bbox 205 1019 431 1055; x_wconf 71' lang='lat' dir='ltr'>contraveniant,</span> <span class='ocrx_word' id='word_1_183' title='bbox 449 1019 493 1048; x_wconf 86' lang='lat' dir='ltr'>vel</span> <span class='ocrx_word' id='word_1_184' title='bbox 515 1018 618 1049; x_wconf 81' lang='lat' dir='ltr'>faciant</span> <span class='ocrx_word' id='word_1_185' title='bbox 637 1019 728 1057; x_wconf 82' lang='lat' dir='ltr'>(quod</span> <span class='ocrx_word' id='word_1_186' title='bbox 743 1019 821 1056; x_wconf 85' lang='lat' dir='ltr'>absit)</span> <span class='ocrx_word' id='word_1_187' title='bbox 843 1027 941 1050; x_wconf 75' lang='lat' dir='ltr'>cont-ra</span> <span class='ocrx_word' id='word_1_188' title='bbox 964 1018 1071 1050; x_wconf 86' lang='lat' dir='ltr'>Pacem</span> <span class='ocrx_word' id='word_1_189' title='bbox 1093 1019 1216 1057; x_wconf 77' lang='lat' dir='ltr'>superius</span> <span class='ocrx_word' id='word_1_190' title='bbox 1235 1019 1269 1050; x_wconf 90' lang='lat'>&amp;</span> 
     </span>
     <span class='ocr_line' id='line_1_26' title="bbox 205 1056 1271 1095; baseline 0.001 -8"><span class='ocrx_word' id='word_1_191' title='bbox 205 1057 321 1088; x_wconf 76' lang='lat' dir='ltr'>inferitis</span> <span class='ocrx_word' id='word_1_192' title='bbox 332 1065 508 1094; x_wconf 77' lang='lat' dir='ltr'>annotatam,</span> <span class='ocrx_word' id='word_1_193' title='bbox 527 1056 572 1087; x_wconf 83' lang='lat' dir='ltr'>vel</span> <span class='ocrx_word' id='word_1_194' title='bbox 587 1058 704 1088; x_wconf 86' lang='lat' dir='ltr'>eandem</span> <span class='ocrx_word' id='word_1_195' title='bbox 722 1058 821 1095; x_wconf 85' lang='lat' dir='ltr'>quovis</span> <span class='ocrx_word' id='word_1_196' title='bbox 834 1058 926 1088; x_wconf 83' lang='lat' dir='ltr'>modo</span> <span class='ocrx_word' id='word_1_197' title='bbox 943 1057 1115 1095; x_wconf 83' lang='lat' dir='ltr'>infringant,</span> <span class='ocrx_word' id='word_1_198' title='bbox 1133 1057 1271 1088; x_wconf 85' lang='lat' dir='ltr'>Homines</span> 
     </span>
     <span class='ocr_line' id='line_1_27' title="bbox 204 1095 1270 1135; baseline 0 -9"><span class='ocrx_word' id='word_1_199' title='bbox 204 1095 384 1134; x_wconf 86' lang='lat' dir='ltr'>occidendo,</span> <span class='ocrx_word' id='word_1_200' title='bbox 401 1095 606 1134; x_wconf 72' lang='lat' dir='ltr'>depraedando,</span> <span class='ocrx_word' id='word_1_201' title='bbox 624 1096 669 1126; x_wconf 90' lang='lat' dir='ltr'>vel</span> <span class='ocrx_word' id='word_1_202' title='bbox 683 1095 720 1125; x_wconf 87' lang='lat' dir='ltr'>Vi</span> <span class='ocrx_word' id='word_1_203' title='bbox 734 1096 871 1135; x_wconf 84' lang='lat' dir='ltr'>capiendo</span> <span class='ocrx_word' id='word_1_204' title='bbox 891 1095 982 1134; x_wconf 90' lang='lat' dir='ltr'>Bona,</span> <span class='ocrx_word' id='word_1_205' title='bbox 1000 1095 1045 1126; x_wconf 88' lang='lat' dir='ltr'>seu</span> <span class='ocrx_word' id='word_1_206' title='bbox 1063 1095 1126 1126; x_wconf 77' lang='lat' dir='ltr'>alias</span> <span class='ocrx_word' id='word_1_207' title='bbox 1147 1105 1270 1134; x_wconf 87' lang='lat' dir='ltr'>quomo-</span> 
     </span>
     <span class='ocr_line' id='line_1_28' title="bbox 206 1133 1270 1173; baseline 0.001 -9"><span class='ocrx_word' id='word_1_208' title='bbox 206 1134 313 1169; x_wconf 77' lang='lat' dir='ltr'>dolibet</span> <span class='ocrx_word' id='word_1_209' title='bbox 335 1133 596 1172; x_wconf 74' lang='lat' dir='ltr'>contraveniendo,</span> <span class='ocrx_word' id='word_1_210' title='bbox 615 1134 694 1172; x_wconf 80' lang='lat' dir='ltr'>quod</span> <span class='ocrx_word' id='word_1_211' title='bbox 716 1134 752 1164; x_wconf 90' lang='lat' dir='ltr'>de</span> <span class='ocrx_word' id='word_1_212' title='bbox 773 1134 822 1164; x_wconf 86' lang='lat' dir='ltr'>illis</span> <span class='ocrx_word' id='word_1_213' title='bbox 844 1134 1097 1172; x_wconf 79' lang='lat' dir='ltr'>Delinquentibus,</span> <span class='ocrx_word' id='word_1_214' title='bbox 1122 1134 1270 1173; x_wconf 75' lang='lat' dir='ltr'>quamcito</span> 
     </span>
     <span class='ocr_line' id='line_1_29' title="bbox 206 1172 1272 1211; baseline 0.002 -9"><span class='ocrx_word' id='word_1_215' title='bbox 206 1182 304 1202; x_wconf 88' lang='lat' dir='ltr'>contra</span> <span class='ocrx_word' id='word_1_216' title='bbox 324 1172 435 1202; x_wconf 87' lang='lat' dir='ltr'>eosdem</span> <span class='ocrx_word' id='word_1_217' title='bbox 461 1172 504 1202; x_wconf 90' lang='lat' dir='ltr'>seu</span> <span class='ocrx_word' id='word_1_218' title='bbox 526 1172 646 1210; x_wconf 83' lang='lat' dir='ltr'>aliquem</span> <span class='ocrx_word' id='word_1_219' title='bbox 663 1172 830 1203; x_wconf 87' lang='lat' dir='ltr'>eorumdem</span> <span class='ocrx_word' id='word_1_220' title='bbox 850 1174 964 1210; x_wconf 86' lang='lat' dir='ltr'>probari</span> <span class='ocrx_word' id='word_1_221' title='bbox 980 1174 1081 1211; x_wconf 87' lang='lat' dir='ltr'>poterit</span> <span class='ocrx_word' id='word_1_222' title='bbox 1116 1172 1177 1204; x_wconf 84' lang='lat' dir='ltr'>uod</span> <span class='ocrx_word' id='word_1_223' title='bbox 1196 1173 1272 1204; x_wconf 66' lang='lat' dir='ltr'>dicta</span> 
     </span>
     <span class='ocr_line' id='line_1_30' title="bbox 207 1209 1272 1251; baseline 0 -9"><span class='ocrx_word' id='word_1_224' title='bbox 207 1209 263 1242; x_wconf 72' lang='lat' dir='ltr'>Pax</span> <span class='ocrx_word' id='word_1_225' title='bbox 278 1211 308 1241; x_wconf 82' lang='lat' dir='ltr'>lit</span> <span class='ocrx_word' id='word_1_226' title='bbox 322 1211 420 1241; x_wconf 66' lang='lat' dir='ltr'>Praesta</span> <span class='ocrx_word' id='word_1_227' title='bbox 434 1210 479 1240; x_wconf 88' lang='lat' dir='ltr'>vel</span> <span class='ocrx_word' id='word_1_228' title='bbox 492 1209 694 1241; x_wconf 86' lang='lat' dir='ltr'>Circumventa</span> <span class='ocrx_word' id='word_1_229' title='bbox 730 1219 830 1241; x_wconf 77' lang='lat' dir='ltr'>extunc</span> <span class='ocrx_word' id='word_1_230' title='bbox 845 1211 891 1242; x_wconf 80' lang='lat' dir='ltr'>fiat</span> <span class='ocrx_word' id='word_1_231' title='bbox 907 1211 1023 1242; x_wconf 87' lang='lat' dir='ltr'>Punitio</span> <span class='ocrx_word' id='word_1_232' title='bbox 1046 1213 1076 1242; x_wconf 88' lang='lat' dir='ltr'>in</span> <span class='ocrx_word' id='word_1_233' title='bbox 1141 1213 1272 1251; x_wconf 78' lang='lat' dir='ltr'>rporibus</span> 
     </span>
     <span class='ocr_line' id='line_1_31' title="bbox 206 1233 1273 1287; baseline 0.001 -7"><span class='ocrx_word' id='word_1_234' title='bbox 206 1249 256 1280; x_wconf 76' lang='lat' dir='ltr'>seu</span> <span class='ocrx_word' id='word_1_235' title='bbox 268 1248 414 1287; x_wconf 81' lang='lat' dir='ltr'>Corpore,</span> <span class='ocrx_word' id='word_1_236' title='bbox 432 1248 516 1280; x_wconf 82' lang='lat' dir='ltr'>Bonis</span> <span class='ocrx_word' id='word_1_237' title='bbox 532 1250 616 1279; x_wconf 84' lang='lat' dir='ltr'>etiam</span> <span class='ocrx_word' id='word_1_238' title='bbox 630 1250 663 1280; x_wconf 90' lang='lat'>&amp;</span> <span class='ocrx_word' id='word_1_239' title='bbox 680 1233 791 1287; x_wconf 63' lang='lat' dir='ltr'>Cauiis,</span> <span class='ocrx_word' id='word_1_240' title='bbox 805 1258 939 1287; x_wconf 82' lang='lat' dir='ltr'>tanquam</span> <span class='ocrx_word' id='word_1_241' title='bbox 956 1250 991 1281; x_wconf 89' lang='lat' dir='ltr'>de</span> <span class='ocrx_word' id='word_1_242' title='bbox 1012 1249 1208 1281; x_wconf 88' lang='lat' dir='ltr'>Proditoribus</span> <span class='ocrx_word' id='word_1_243' title='bbox 1220 1260 1273 1281; x_wconf 92' lang='lat' dir='ltr'>co-</span> 
     </span>
     <span class='ocr_line' id='line_1_32' title="bbox 206 1287 1273 1327; baseline 0.003 -11"><span class='ocrx_word' id='word_1_244' title='bbox 206 1288 306 1325; x_wconf 75' lang='lat' dir='ltr'>gnitis,</span> <span class='ocrx_word' id='word_1_245' title='bbox 333 1289 361 1317; x_wconf 93' lang='lat' dir='ltr'>in</span> <span class='ocrx_word' id='word_1_246' title='bbox 377 1287 599 1325; x_wconf 78' lang='lat' dir='ltr'>quibuscumque</span> <span class='ocrx_word' id='word_1_247' title='bbox 624 1288 709 1318; x_wconf 86' lang='lat' dir='ltr'>Locis</span> <span class='ocrx_word' id='word_1_248' title='bbox 730 1289 851 1325; x_wconf 85' lang='lat' dir='ltr'>poterint</span> <span class='ocrx_word' id='word_1_249' title='bbox 863 1290 999 1327; x_wconf 67' lang='lat' dir='ltr'>inveniri,</span> <span class='ocrx_word' id='word_1_250' title='bbox 1016 1289 1182 1320; x_wconf 85' lang='lat' dir='ltr'>dumtamen</span> <span class='ocrx_word' id='word_1_251' title='bbox 1200 1299 1273 1319; x_wconf 88' lang='lat' dir='ltr'>cori·</span> 
     </span>
     <span class='ocr_line' id='line_1_33' title="bbox 206 1326 1274 1365; baseline 0.001 -8"><span class='ocrx_word' id='word_1_252' title='bbox 206 1326 340 1357; x_wconf 73' lang='lat' dir='ltr'>tradicere</span> <span class='ocrx_word' id='word_1_253' title='bbox 361 1336 419 1356; x_wconf 87' lang='lat' dir='ltr'>non</span> <span class='ocrx_word' id='word_1_254' title='bbox 442 1327 562 1365; x_wconf 88' lang='lat' dir='ltr'>poterit,</span> <span class='ocrx_word' id='word_1_255' title='bbox 580 1327 627 1364; x_wconf 86' lang='lat' dir='ltr'>qui</span> <span class='ocrx_word' id='word_1_256' title='bbox 648 1330 724 1363; x_wconf 74' lang='lat' dir='ltr'>super</span> <span class='ocrx_word' id='word_1_257' title='bbox 744 1326 903 1364; x_wconf 73' lang='lat' dir='ltr'>hujusmodi</span> <span class='ocrx_word' id='word_1_258' title='bbox 918 1326 1038 1357; x_wconf 62' lang='lat' dir='ltr'>Deiieto</span> <span class='ocrx_word' id='word_1_259' title='bbox 1052 1327 1136 1358; x_wconf 88' lang='lat' dir='ltr'>fuerit</span> <span class='ocrx_word' id='word_1_260' title='bbox 1150 1327 1274 1359; x_wconf 84' lang='lat' dir='ltr'>Accusa-</span> 
     </span>
     <span class='ocr_line' id='line_1_34' title="bbox 206 1364 1275 1404; baseline 0.002 -10"><span class='ocrx_word' id='word_1_261' title='bbox 206 1372 264 1401; x_wconf 73' lang='lat' dir='ltr'>tus,</span> <span class='ocrx_word' id='word_1_262' title='bbox 283 1373 336 1394; x_wconf 88' lang='lat' dir='ltr'>nec</span> <span class='ocrx_word' id='word_1_263' title='bbox 348 1365 447 1401; x_wconf 86' lang='lat' dir='ltr'>juvare</span> <span class='ocrx_word' id='word_1_264' title='bbox 460 1364 485 1394; x_wconf 90' lang='lat' dir='ltr'>se</span> <span class='ocrx_word' id='word_1_265' title='bbox 499 1364 599 1394; x_wconf 86' lang='lat' dir='ltr'>debeat</span> <span class='ocrx_word' id='word_1_266' title='bbox 611 1366 718 1394; x_wconf 87' lang='lat' dir='ltr'>ratione</span> <span class='ocrx_word' id='word_1_267' title='bbox 730 1365 843 1403; x_wconf 79' lang='lat' dir='ltr'>alicujus</span> <span class='ocrx_word' id='word_1_268' title='bbox 862 1365 1018 1404; x_wconf 70' lang='lat' dir='ltr'>privilegii,</span> <span class='ocrx_word' id='word_1_269' title='bbox 1033 1366 1114 1404; x_wconf 88' lang='lat' dir='ltr'>Fori,</span> <span class='ocrx_word' id='word_1_270' title='bbox 1131 1365 1175 1397; x_wconf 88' lang='lat' dir='ltr'>feu</span> <span class='ocrx_word' id='word_1_271' title='bbox 1191 1365 1275 1396; x_wconf 83' lang='lat' dir='ltr'>Con-</span> 
     </span>
     <span class='ocr_line' id='line_1_35' title="bbox 205 1402 1275 1442; baseline 0.002 -9"><span class='ocrx_word' id='word_1_272' title='bbox 205 1402 372 1440; x_wconf 84' lang='lat' dir='ltr'>suetudinis,</span> <span class='ocrx_word' id='word_1_273' title='bbox 390 1402 446 1433; x_wconf 88' lang='lat' dir='ltr'>dati</span> <span class='ocrx_word' id='word_1_274' title='bbox 459 1402 504 1432; x_wconf 90' lang='lat' dir='ltr'>vel</span> <span class='ocrx_word' id='word_1_275' title='bbox 522 1402 646 1432; x_wconf 84' lang='lat' dir='ltr'>conceffi</span> <span class='ocrx_word' id='word_1_276' title='bbox 665 1413 718 1440; x_wconf 88' lang='lat' dir='ltr'>pro</span> <span class='ocrx_word' id='word_1_277' title='bbox 737 1413 831 1441; x_wconf 87' lang='lat' dir='ltr'>nunc,</span> <span class='ocrx_word' id='word_1_278' title='bbox 854 1403 898 1434; x_wconf 88' lang='lat' dir='ltr'>seu</span> <span class='ocrx_word' id='word_1_279' title='bbox 917 1404 1018 1442; x_wconf 84' lang='lat' dir='ltr'>aliquo·</span> <span class='ocrx_word' id='word_1_280' title='bbox 1036 1413 1166 1442; x_wconf 87' lang='lat' dir='ltr'>ternpore</span> <span class='ocrx_word' id='word_1_281' title='bbox 1184 1405 1213 1435; x_wconf 93' lang='lat' dir='ltr'>in</span> <span class='ocrx_word' id='word_1_282' title='bbox 1230 1405 1275 1435; x_wconf 84' lang='lat' dir='ltr'>fu-</span> 
     </span>
     <span class='ocr_line' id='line_1_36' title="bbox 209 1441 1275 1480; baseline 0.004 -10"><span class='ocrx_word' id='word_1_283' title='bbox 209 1449 320 1479; x_wconf 88' lang='lat' dir='ltr'>turum,</span> <span class='ocrx_word' id='word_1_284' title='bbox 338 1442 371 1471; x_wconf 85' lang='lat'>&amp;</span> <span class='ocrx_word' id='word_1_285' title='bbox 389 1441 466 1479; x_wconf 75' lang='lat' dir='ltr'>quod</span> <span class='ocrx_word' id='word_1_286' title='bbox 485 1441 582 1471; x_wconf 87' lang='lat' dir='ltr'>omnia</span> <span class='ocrx_word' id='word_1_287' title='bbox 600 1441 657 1479; x_wconf 83' lang='lat' dir='ltr'>ejus</span> <span class='ocrx_word' id='word_1_288' title='bbox 676 1441 753 1472; x_wconf 86' lang='lat' dir='ltr'>Bona</span> <span class='ocrx_word' id='word_1_289' title='bbox 772 1452 824 1480; x_wconf 79' lang='lat' dir='ltr'>pro</span> <span class='ocrx_word' id='word_1_290' title='bbox 842 1452 909 1473; x_wconf 90' lang='lat' dir='ltr'>tunc</span> <span class='ocrx_word' id='word_1_291' title='bbox 928 1442 979 1472; x_wconf 87' lang='lat' dir='ltr'>sint</span> <span class='ocrx_word' id='word_1_292' title='bbox 995 1442 1155 1474; x_wconf 79' lang='lat' dir='ltr'>Confiscata</span> <span class='ocrx_word' id='word_1_293' title='bbox 1177 1444 1186 1479; x_wconf 86' lang='lat'>(</span> <span class='ocrx_word' id='word_1_294' title='bbox 1195 1443 1275 1474; x_wconf 90' lang='lat' dir='ltr'>vide-</span> 
     </span>
     <span class='ocr_line' id='line_1_37' title="bbox 208 1479 1276 1519; baseline 0.003 -9"><span class='ocrx_word' id='word_1_295' title='bbox 208 1480 297 1518; x_wconf 76' lang='lat' dir='ltr'>licet)</span> <span class='ocrx_word' id='word_1_296' title='bbox 322 1479 461 1510; x_wconf 84' lang='lat' dir='ltr'>Medietas</span> <span class='ocrx_word' id='word_1_297' title='bbox 477 1479 624 1510; x_wconf 87' lang='lat' dir='ltr'>Bonorum</span> <span class='ocrx_word' id='word_1_298' title='bbox 642 1480 764 1517; x_wconf 87' lang='lat' dir='ltr'>ejusdem</span> <span class='ocrx_word' id='word_1_299' title='bbox 786 1480 820 1509; x_wconf 60' lang='lat' dir='ltr'>ki</span> <span class='ocrx_word' id='word_1_300' title='bbox 837 1483 883 1518; x_wconf 90' lang='lat' dir='ltr'>qui</span> <span class='ocrx_word' id='word_1_301' title='bbox 903 1481 1009 1511; x_wconf 57' lang='lat' dir='ltr'>diffitam</span> <span class='ocrx_word' id='word_1_302' title='bbox 1029 1482 1146 1519; x_wconf 80' lang='lat' dir='ltr'>exigerit</span> <span class='ocrx_word' id='word_1_303' title='bbox 1164 1481 1276 1513; x_wconf 85' lang='lat' dir='ltr'>Execu-</span> 
     </span>
     <span class='ocr_line' id='line_1_38' title="bbox 210 1517 1275 1559; baseline 0.003 -11"><span class='ocrx_word' id='word_1_304' title='bbox 210 1518 385 1556; x_wconf 75' lang='lat' dir='ltr'>tionem,&amp;</span> <span class='ocrx_word' id='word_1_305' title='bbox 403 1518 453 1548; x_wconf 86' lang='lat' dir='ltr'>alia</span> <span class='ocrx_word' id='word_1_306' title='bbox 471 1518 611 1548; x_wconf 85' lang='lat' dir='ltr'>Medietas</span> <span class='ocrx_word' id='word_1_307' title='bbox 631 1517 704 1548; x_wconf 88' lang='lat' dir='ltr'>Parti</span> <span class='ocrx_word' id='word_1_308' title='bbox 723 1518 895 1557; x_wconf 82' lang='lat' dir='ltr'>Dampnum</span> <span class='ocrx_word' id='word_1_309' title='bbox 919 1521 948 1550; x_wconf 85' lang='lat' dir='ltr'>in</span> <span class='ocrx_word' id='word_1_310' title='bbox 967 1521 1020 1554; x_wconf 86' lang='lat' dir='ltr'>hac</span> <span class='ocrx_word' id='word_1_311' title='bbox 1044 1529 1121 1559; x_wconf 89' lang='lat' dir='ltr'>parte</span> <span class='ocrx_word' id='word_1_312' title='bbox 1139 1522 1275 1559; x_wconf 84' lang='lat' dir='ltr'>recipien-</span> 
     </span>
     <span class='ocr_line' id='line_1_39' title="bbox 211 1556 764 1595; baseline 0 -8"><span class='ocrx_word' id='word_1_313' title='bbox 211 1557 303 1595; x_wconf 68' lang='lat' dir='ltr'>ti„vel</span> <span class='ocrx_word' id='word_1_314' title='bbox 323 1557 486 1587; x_wconf 76' lang='lat' dir='ltr'>Haeredibus</span> <span class='ocrx_word' id='word_1_315' title='bbox 504 1556 590 1586; x_wconf 88' lang='lat' dir='ltr'>Partis</span> <span class='ocrx_word' id='word_1_316' title='bbox 608 1557 764 1593; x_wconf 63' lang='lat' dir='ltr'>praedidiae..</span> 
     </span>
    </p>

    <p class='ocr_par' dir='ltr' id='par_1_9' title="bbox 210 1594 1279 1903">
     <span class='ocr_line' id='line_1_40' title="bbox 249 1594 1278 1636; baseline 0.003 -10"><span class='ocrx_word' id='word_1_317' title='bbox 249 1595 284 1626; x_wconf 90' lang='lat' dir='ltr'>Et</span> <span class='ocrx_word' id='word_1_318' title='bbox 305 1595 363 1633; x_wconf 81' lang='lat' dir='ltr'>plus</span> <span class='ocrx_word' id='word_1_319' title='bbox 380 1594 593 1625; x_wconf 67' lang='lat' dir='ltr'>concordarunt</span> <span class='ocrx_word' id='word_1_320' title='bbox 609 1595 679 1625; x_wconf 68' lang='lat' dir='ltr'>dieti</span> <span class='ocrx_word' id='word_1_321' title='bbox 698 1595 914 1633; x_wconf 65' lang='lat' dir='ltr'>Procuratores,</span> <span class='ocrx_word' id='word_1_322' title='bbox 938 1598 1108 1627; x_wconf 81' lang='lat' dir='ltr'>nominibus·</span> <span class='ocrx_word' id='word_1_323' title='bbox 1121 1598 1220 1636; x_wconf 89' lang='lat' dir='ltr'>quibus</span> <span class='ocrx_word' id='word_1_324' title='bbox 1236 1598 1278 1629; x_wconf 84' lang='lat' dir='ltr'>fu-</span> 
     </span>
     <span class='ocr_line' id='line_1_41' title="bbox 214 1633 1278 1674; baseline 0.004 -11"><span class='ocrx_word' id='word_1_325' title='bbox 214 1644 281 1672; x_wconf 85' lang='lat' dir='ltr'>pra,</span> <span class='ocrx_word' id='word_1_326' title='bbox 298 1633 376 1671; x_wconf 62' lang='lat' dir='ltr'>quod</span> <span class='ocrx_word' id='word_1_327' title='bbox 395 1634 415 1663; x_wconf 86' lang='lat' dir='ltr'>si</span> <span class='ocrx_word' id='word_1_328' title='bbox 433 1634 532 1672; x_wconf 81' lang='lat' dir='ltr'>aliqui,</span> <span class='ocrx_word' id='word_1_329' title='bbox 551 1633 594 1664; x_wconf 81' lang='lat' dir='ltr'>vel</span> <span class='ocrx_word' id='word_1_330' title='bbox 608 1633 721 1673; x_wconf 87' lang='lat' dir='ltr'>aliquis,</span> <span class='ocrx_word' id='word_1_331' title='bbox 735 1634 851 1664; x_wconf 79' lang='lat' dir='ltr'>scienter</span> <span class='ocrx_word' id='word_1_332' title='bbox 869 1635 978 1665; x_wconf 74' lang='lat' dir='ltr'>dictum</span> <span class='ocrx_word' id='word_1_333' title='bbox 999 1634 1218 1674; x_wconf 83' lang='lat' dir='ltr'>Delinquentem</span> <span class='ocrx_word' id='word_1_334' title='bbox 1237 1648 1278 1668; x_wconf 93' lang='lat' dir='ltr'>re-</span> 
     </span>
     <span class='ocr_line' id='line_1_42' title="bbox 211 1671 1278 1713; baseline 0.003 -10"><span class='ocrx_word' id='word_1_335' title='bbox 211 1674 403 1710; x_wconf 72' lang='lat' dir='ltr'>ceptaveiiut,</span> <span class='ocrx_word' id='word_1_336' title='bbox 428 1671 472 1702; x_wconf 85' lang='lat' dir='ltr'>vel</span> <span class='ocrx_word' id='word_1_337' title='bbox 496 1674 694 1711; x_wconf 81' lang='lat' dir='ltr'>recepraverit,</span> <span class='ocrx_word' id='word_1_338' title='bbox 717 1673 746 1702; x_wconf 89' lang='lat' dir='ltr'>in</span> <span class='ocrx_word' id='word_1_339' title='bbox 772 1671 908 1710; x_wconf 80' lang='lat' dir='ltr'>Ho&#39;l&#39;pitiis</span> <span class='ocrx_word' id='word_1_340' title='bbox 932 1684 1046 1712; x_wconf 88' lang='lat' dir='ltr'>eorum,</span> <span class='ocrx_word' id='word_1_341' title='bbox 1071 1675 1119 1705; x_wconf 89' lang='lat' dir='ltr'>vel</span> <span class='ocrx_word' id='word_1_342' title='bbox 1143 1674 1278 1713; x_wconf 76' lang='lat' dir='ltr'>Hospitio</span> 
     </span>
     <span class='ocr_line' id='line_1_43' title="bbox 210 1710 1277 1751; baseline 0.003 -9"><span class='ocrx_word' id='word_1_343' title='bbox 210 1711 327 1745; x_wconf 63' lang='lat' dir='ltr'>alicusus</span> <span class='ocrx_word' id='word_1_344' title='bbox 345 1710 530 1749; x_wconf 85' lang='lat' dir='ltr'>eorumdem,</span> <span class='ocrx_word' id='word_1_345' title='bbox 548 1711 593 1741; x_wconf 88' lang='lat' dir='ltr'>vel</span> <span class='ocrx_word' id='word_1_346' title='bbox 611 1712 695 1740; x_wconf 86' lang='lat' dir='ltr'>etiam</span> <span class='ocrx_word' id='word_1_347' title='bbox 715 1712 748 1741; x_wconf 89' lang='lat' dir='ltr'>in-</span> <span class='ocrx_word' id='word_1_348' title='bbox 760 1710 895 1741; x_wconf 77' lang='lat' dir='ltr'>Navibus</span> <span class='ocrx_word' id='word_1_349' title='bbox 912 1713 944 1742; x_wconf 87' lang='lat'>&amp;</span> <span class='ocrx_word' id='word_1_350' title='bbox 963 1712 1057 1751; x_wconf 90' lang='lat' dir='ltr'>Vasis,</span> <span class='ocrx_word' id='word_1_351' title='bbox 1077 1714 1224 1744; x_wconf 69' lang='lat' dir='ltr'>noctanter</span> <span class='ocrx_word' id='word_1_352' title='bbox 1233 1715 1277 1744; x_wconf 87' lang='lat' dir='ltr'>vel</span> 
     </span>
     <span class='ocr_line' id='line_1_44' title="bbox 212 1749 1278 1790; baseline 0.003 -10"><span class='ocrx_word' id='word_1_353' title='bbox 212 1750 249 1780; x_wconf 89' lang='lat' dir='ltr'>de</span> <span class='ocrx_word' id='word_1_354' title='bbox 266 1750 328 1788; x_wconf 82' lang='lat' dir='ltr'>dic,</span> <span class='ocrx_word' id='word_1_355' title='bbox 352 1749 466 1780; x_wconf 76' lang='lat' dir='ltr'>occulte</span> <span class='ocrx_word' id='word_1_356' title='bbox 484 1750 528 1780; x_wconf 92' lang='lat' dir='ltr'>vel</span> <span class='ocrx_word' id='word_1_357' title='bbox 555 1749 718 1788; x_wconf 73' lang='lat' dir='ltr'>manifeste,</span> <span class='ocrx_word' id='word_1_358' title='bbox 745 1749 892 1787; x_wconf 84' lang='lat' dir='ltr'>postquam</span> <span class='ocrx_word' id='word_1_359' title='bbox 919 1751 1078 1789; x_wconf 80' lang='lat' dir='ltr'>hujusmodi</span> <span class='ocrx_word' id='word_1_360' title='bbox 1106 1751 1278 1790; x_wconf 80' lang='lat' dir='ltr'>Receprator</span> 
     </span>
     <span class='ocr_line' id='line_1_45' title="bbox 211 1787 1278 1829; baseline 0.002 -10"><span class='ocrx_word' id='word_1_361' title='bbox 211 1788 248 1819; x_wconf 92' lang='lat' dir='ltr'>de</span> <span class='ocrx_word' id='word_1_362' title='bbox 267 1789 314 1819; x_wconf 78' lang='lat' dir='ltr'>tali</span> <span class='ocrx_word' id='word_1_363' title='bbox 332 1787 524 1826; x_wconf 88' lang='lat' dir='ltr'>Delinquente</span> <span class='ocrx_word' id='word_1_364' title='bbox 539 1789 620 1818; x_wconf 84' lang='lat' dir='ltr'>fuerit</span> <span class='ocrx_word' id='word_1_365' title='bbox 639 1787 819 1826; x_wconf 79' lang='lat' dir='ltr'>informatus,</span> <span class='ocrx_word' id='word_1_366' title='bbox 835 1789 915 1826; x_wconf 78' lang='lat' dir='ltr'>quod</span> <span class='ocrx_word' id='word_1_367' title='bbox 935 1798 1038 1819; x_wconf 75' lang='lat' dir='ltr'>extunc</span> <span class='ocrx_word' id='word_1_368' title='bbox 1064 1790 1141 1821; x_wconf 89' lang='lat' dir='ltr'>idern</span> <span class='ocrx_word' id='word_1_369' title='bbox 1162 1790 1278 1829; x_wconf 76' lang='lat' dir='ltr'>Recep-</span> 
     </span>
     <span class='ocr_line' id='line_1_46' title="bbox 213 1825 1279 1870; baseline 0.003 -12"><span class='ocrx_word' id='word_1_370' title='bbox 213 1836 283 1858; x_wconf 75' lang='lat' dir='ltr'>tator</span> <span class='ocrx_word' id='word_1_371' title='bbox 303 1828 330 1856; x_wconf 92' lang='lat' dir='ltr'>iu</span> <span class='ocrx_word' id='word_1_372' title='bbox 351 1825 479 1864; x_wconf 76' lang='lat' dir='ltr'>Corpore</span> <span class='ocrx_word' id='word_1_373' title='bbox 496 1827 529 1857; x_wconf 91' lang='lat'>&amp;</span> <span class='ocrx_word' id='word_1_374' title='bbox 550 1826 634 1856; x_wconf 88' lang='lat' dir='ltr'>Bonis</span> <span class='ocrx_word' id='word_1_375' title='bbox 652 1827 795 1865; x_wconf 79' lang='lat' dir='ltr'>puniatur,</span> <span class='ocrx_word' id='word_1_376' title='bbox 810 1835 904 1864; x_wconf 72' lang='lat' dir='ltr'>prout</span> <span class='ocrx_word' id='word_1_377' title='bbox 932 1827 1110 1867; x_wconf 87' lang='lat' dir='ltr'>Delinquens</span> <span class='ocrx_word' id='word_1_378' title='bbox 1127 1830 1279 1870; x_wconf 62' lang='lat' dir='ltr'>praedictus</span> 
     </span>
     <span class='ocr_line' id='line_1_47' title="bbox 212 1865 689 1903; baseline -0.002 -8"><span class='ocrx_word' id='word_1_379' title='bbox 212 1867 301 1903; x_wconf 77' lang='lat' dir='ltr'>puniri</span> <span class='ocrx_word' id='word_1_380' title='bbox 320 1865 427 1903; x_wconf 78' lang='lat' dir='ltr'>debuit,</span> <span class='ocrx_word' id='word_1_381' title='bbox 445 1875 474 1895; x_wconf 89' lang='lat' dir='ltr'>ut</span> <span class='ocrx_word' id='word_1_382' title='bbox 491 1865 642 1902; x_wconf 77' lang='lat' dir='ltr'>piaefertur.</span> <span class='ocrx_word' id='word_1_383' title='bbox 686 1887 689 1889; x_wconf 85' lang='lat'>-</span> 
     </span>
    </p>

    <p class='ocr_par' dir='ltr' id='par_1_10' title="bbox 211 1903 1279 2404">
     <span class='ocr_line' id='line_1_48' title="bbox 250 1903 1278 1945; baseline 0.003 -11"><span class='ocrx_word' id='word_1_384' title='bbox 250 1903 287 1934; x_wconf 76' lang='lat' dir='ltr'>Et</span> <span class='ocrx_word' id='word_1_385' title='bbox 305 1903 388 1934; x_wconf 79' lang='lat' dir='ltr'>etiarn</span> <span class='ocrx_word' id='word_1_386' title='bbox 408 1903 535 1940; x_wconf 65' lang='lat' dir='ltr'>praedicti</span> <span class='ocrx_word' id='word_1_387' title='bbox 556 1903 750 1934; x_wconf 85' lang='lat' dir='ltr'>Procuratores</span> <span class='ocrx_word' id='word_1_388' title='bbox 768 1903 950 1941; x_wconf 70' lang='lat' dir='ltr'>ordinarunt,</span> <span class='ocrx_word' id='word_1_389' title='bbox 977 1914 1090 1943; x_wconf 82' lang='lat' dir='ltr'>propter</span> <span class='ocrx_word' id='word_1_390' title='bbox 1107 1905 1189 1937; x_wconf 82' lang='lat' dir='ltr'>Pacis</span> <span class='ocrx_word' id='word_1_391' title='bbox 1206 1917 1278 1945; x_wconf 87' lang='lat' dir='ltr'>prae-</span> 
     </span>
     <span class='ocr_line' id='line_1_49' title="bbox 211 1941 1277 1980; baseline 0.004 -7"><span class='ocrx_word' id='word_1_392' title='bbox 211 1943 298 1973; x_wconf 59' lang='lat' dir='ltr'>dictae</span> <span class='ocrx_word' id='word_1_393' title='bbox 323 1942 543 1980; x_wconf 72' lang='lat' dir='ltr'>observantiam,</span> <span class='ocrx_word' id='word_1_394' title='bbox 567 1942 600 1972; x_wconf 88' lang='lat'>&amp;</span> <span class='ocrx_word' id='word_1_395' title='bbox 626 1942 704 1980; x_wconf 71' lang='lat' dir='ltr'>qubd</span> <span class='ocrx_word' id='word_1_396' title='bbox 731 1941 844 1972; x_wconf 79' lang='lat' dir='ltr'>Punitio</span> <span class='ocrx_word' id='word_1_397' title='bbox 869 1944 901 1973; x_wconf 68' lang='lat' dir='ltr'>&amp;c</span> <span class='ocrx_word' id='word_1_398' title='bbox 920 1943 1072 1974; x_wconf 53' lang='lat' dir='ltr'>(torret-“tio</span> <span class='ocrx_word' id='word_1_399' title='bbox 1087 1944 1152 1974; x_wconf 84' lang='lat' dir='ltr'>fiant</span> <span class='ocrx_word' id='word_1_400' title='bbox 1180 1955 1277 1977; x_wconf 85' lang='lat' dir='ltr'>contra</span> 
     </span>
     <span class='ocr_line' id='line_1_50' title="bbox 211 1980 1278 2020; baseline 0.003 -8"><span class='ocrx_word' id='word_1_401' title='bbox 211 1980 370 2018; x_wconf 81' lang='lat' dir='ltr'>hujusmodi</span> <span class='ocrx_word' id='word_1_402' title='bbox 399 1980 617 2018; x_wconf 82' lang='lat' dir='ltr'>Delinquentes,</span> <span class='ocrx_word' id='word_1_403' title='bbox 640 1982 673 2012; x_wconf 87' lang='lat'>&amp;</span> <span class='ocrx_word' id='word_1_404' title='bbox 700 1981 776 2018; x_wconf 76' lang='lat' dir='ltr'>quod</span> <span class='ocrx_word' id='word_1_405' title='bbox 800 1980 922 2010; x_wconf 85' lang='lat' dir='ltr'>Domini</span> <span class='ocrx_word' id='word_1_406' title='bbox 937 1982 1067 2020; x_wconf 71' lang='lat' dir='ltr'>judices,</span> <span class='ocrx_word' id='word_1_407' title='bbox 1083 1983 1234 2015; x_wconf 81' lang='lat' dir='ltr'>Officiales</span> <span class='ocrx_word' id='word_1_408' title='bbox 1248 1996 1278 2015; x_wconf 92' lang='lat' dir='ltr'>e-</span> 
     </span>
     <span class='ocr_line' id='line_1_51' title="bbox 212 2019 1276 2057; baseline 0.005 -8"><span class='ocrx_word' id='word_1_409' title='bbox 212 2021 281 2051; x_wconf 86' lang='lat' dir='ltr'>tiam</span> <span class='ocrx_word' id='word_1_410' title='bbox 300 2020 362 2057; x_wconf 78' lang='lat' dir='ltr'>alii,</span> <span class='ocrx_word' id='word_1_411' title='bbox 379 2019 518 2049; x_wconf 72' lang='lat' dir='ltr'>dictarum</span> <span class='ocrx_word' id='word_1_412' title='bbox 538 2019 674 2049; x_wconf 78' lang='lat' dir='ltr'>Villarum</span> <span class='ocrx_word' id='word_1_413' title='bbox 693 2021 725 2050; x_wconf 69' lang='grc' dir='ltr'>ὅ(</span> <span class='ocrx_word' id='word_1_414' title='bbox 745 2020 891 2049; x_wconf 78' lang='lat' dir='ltr'>Locorum</span> <span class='ocrx_word' id='word_1_415' title='bbox 913 2022 1005 2053; x_wconf 70' lang='lat' dir='ltr'>magis</span> <span class='ocrx_word' id='word_1_416' title='bbox 1022 2021 1071 2051; x_wconf 83' lang='lat' dir='ltr'>sint</span> <span class='ocrx_word' id='word_1_417' title='bbox 1089 2022 1233 2054; x_wconf 64' lang='lat' dir='ltr'>diligentes</span> <span class='ocrx_word' id='word_1_418' title='bbox 1242 2024 1276 2054; x_wconf 85' lang='lat' dir='ltr'>ad</span> 
     </span>
     <span class='ocr_line' id='line_1_52' title="bbox 214 2057 1279 2096; baseline 0.005 -9"><span class='ocrx_word' id='word_1_419' title='bbox 214 2059 427 2096; x_wconf 79' lang='lat' dir='ltr'>exequendum,</span> <span class='ocrx_word' id='word_1_420' title='bbox 448 2067 548 2088; x_wconf 81' lang='lat' dir='ltr'>contra</span> <span class='ocrx_word' id='word_1_421' title='bbox 568 2057 727 2094; x_wconf 83' lang='lat' dir='ltr'>hujusmodi</span> <span class='ocrx_word' id='word_1_422' title='bbox 750 2058 947 2088; x_wconf 44' lang='lat' dir='ltr'>alienatore&lt;</span> <span class='ocrx_word' id='word_1_423' title='bbox 963 2060 998 2089; x_wconf 69' lang='grc' dir='ltr'>ὃ(</span> <span class='ocrx_word' id='word_1_424' title='bbox 1024 2059 1106 2090; x_wconf 82' lang='lat' dir='ltr'>Pacis</span> <span class='ocrx_word' id='word_1_425' title='bbox 1132 2061 1279 2092; x_wconf 85' lang='lat' dir='ltr'>Perturba-</span> 
     </span>
     <span class='ocr_line' id='line_1_53' title="bbox 215 2095 1278 2137; baseline 0.004 -10"><span class='ocrx_word' id='word_1_426' title='bbox 215 2106 305 2132; x_wconf 79' lang='lat' dir='ltr'>tores,</span> <span class='ocrx_word' id='word_1_427' title='bbox 325 2106 354 2126; x_wconf 88' lang='lat' dir='ltr'>ut</span> <span class='ocrx_word' id='word_1_428' title='bbox 376 2096 536 2134; x_wconf 26' lang='lat' dir='ltr'>prat-fertur,</span> <span class='ocrx_word' id='word_1_429' title='bbox 554 2097 610 2126; x_wconf 69' lang='lat' dir='ltr'>tarn</span> <span class='ocrx_word' id='word_1_430' title='bbox 630 2098 658 2125; x_wconf 88' lang='lat' dir='ltr'>in</span> <span class='ocrx_word' id='word_1_431' title='bbox 679 2095 854 2133; x_wconf 74' lang='lat' dir='ltr'>Corporibus</span> <span class='ocrx_word' id='word_1_432' title='bbox 871 2098 1048 2137; x_wconf 84' lang='lat' dir='ltr'>eorumdem,</span> <span class='ocrx_word' id='word_1_433' title='bbox 1068 2100 1152 2137; x_wconf 67' lang='lat' dir='ltr'>quam</span> <span class='ocrx_word' id='word_1_434' title='bbox 1173 2101 1201 2130; x_wconf 93' lang='lat' dir='ltr'>in</span> <span class='ocrx_word' id='word_1_435' title='bbox 1222 2100 1278 2131; x_wconf 91' lang='lat' dir='ltr'>Bo-</span> 
     </span>
     <span class='ocr_line' id='line_1_54' title="bbox 216 2134 1274 2177; baseline 0.005 -12"><span class='ocrx_word' id='word_1_436' title='bbox 216 2137 259 2165; x_wconf 86' lang='lat' dir='ltr'>nis</span> <span class='ocrx_word' id='word_1_437' title='bbox 276 2136 307 2165; x_wconf 64' lang='lat' dir='ltr'>S&lt;</span> <span class='ocrx_word' id='word_1_438' title='bbox 329 2134 438 2172; x_wconf 78' lang='lat' dir='ltr'>Cauiis,</span> <span class='ocrx_word' id='word_1_439' title='bbox 457 2144 486 2164; x_wconf 90' lang='lat' dir='ltr'>ut</span> <span class='ocrx_word' id='word_1_440' title='bbox 508 2136 702 2173; x_wconf 66' lang='lat' dir='ltr'>premittitur,</span> <span class='ocrx_word' id='word_1_441' title='bbox 719 2137 866 2173; x_wconf 63' lang='lat' dir='ltr'>enarratu,</span> <span class='ocrx_word' id='word_1_442' title='bbox 891 2136 939 2165; x_wconf 85' lang='lat' dir='ltr'>etsi</span> <span class='ocrx_word' id='word_1_443' title='bbox 958 2136 1069 2167; x_wconf 73' lang='lat' dir='ltr'>forsitan</span> <span class='ocrx_word' id='word_1_444' title='bbox 1091 2139 1178 2176; x_wconf 88' lang='lat' dir='ltr'>(quod</span> <span class='ocrx_word' id='word_1_445' title='bbox 1198 2140 1274 2177; x_wconf 85' lang='lat' dir='ltr'>absit)</span> 
     </span>
     <span class='ocr_line' id='line_1_55' title="bbox 215 2173 1277 2213; baseline 0.005 -10"><span class='ocrx_word' id='word_1_446' title='bbox 215 2174 344 2213; x_wconf 46' lang='lat' dir='ltr'>praedicti</span> <span class='ocrx_word' id='word_1_447' title='bbox 360 2173 491 2211; x_wconf 87' lang='lat' dir='ltr'>Judices,</span> <span class='ocrx_word' id='word_1_448' title='bbox 504 2173 667 2210; x_wconf 81' lang='lat' dir='ltr'>Officiales,</span> <span class='ocrx_word' id='word_1_449' title='bbox 682 2174 724 2203; x_wconf 83' lang='lat' dir='ltr'>seu</span> <span class='ocrx_word' id='word_1_450' title='bbox 745 2173 841 2211; x_wconf 80' lang='lat' dir='ltr'>aliquis</span> <span class='ocrx_word' id='word_1_451' title='bbox 859 2184 975 2212; x_wconf 80' lang='lat' dir='ltr'>eorum,</span> <span class='ocrx_word' id='word_1_452' title='bbox 1004 2175 1192 2213; x_wconf 70' lang='lat' dir='ltr'>Negligcntes</span> <span class='ocrx_word' id='word_1_453' title='bbox 1218 2177 1277 2208; x_wconf 79' lang='lat' dir='ltr'>fue-</span> 
     </span>
     <span class='ocr_line' id='line_1_56' title="bbox 217 2211 1279 2255; baseline 0.005 -13"><span class='ocrx_word' id='word_1_454' title='bbox 217 2214 271 2242; x_wconf 88' lang='lat' dir='ltr'>rint</span> <span class='ocrx_word' id='word_1_455' title='bbox 290 2213 316 2241; x_wconf 87' lang='lat' dir='ltr'>in</span> <span class='ocrx_word' id='word_1_456' title='bbox 337 2211 499 2249; x_wconf 70' lang='lat' dir='ltr'>praeniiilis,</span> <span class='ocrx_word' id='word_1_457' title='bbox 523 2212 664 2242; x_wconf 80' lang='lat' dir='ltr'>certificati</span> <span class='ocrx_word' id='word_1_458' title='bbox 684 2221 783 2241; x_wconf 55' lang='lat' dir='ltr'>tamen&gt;</span> <span class='ocrx_word' id='word_1_459' title='bbox 803 2213 838 2242; x_wconf 86' lang='lat' dir='ltr'>dc</span> <span class='ocrx_word' id='word_1_460' title='bbox 857 2211 932 2242; x_wconf 82' lang='lat' dir='ltr'>Pace</span> <span class='ocrx_word' id='word_1_461' title='bbox 952 2214 1084 2251; x_wconf 67' lang='lat' dir='ltr'>praed&#39;itsta</span> <span class='ocrx_word' id='word_1_462' title='bbox 1104 2217 1279 2255; x_wconf 70' lang='lat' dir='ltr'>perturbata,</span> 
     </span>
     <span class='ocr_line' id='line_1_57' title="bbox 216 2250 1278 2295; baseline 0.004 -14"><span class='ocrx_word' id='word_1_463' title='bbox 216 2253 249 2282; x_wconf 64' lang='grc' dir='ltr'>ὅ(</span> <span class='ocrx_word' id='word_1_464' title='bbox 265 2252 424 2280; x_wconf 84' lang='lat' dir='ltr'>omittentes</span> <span class='ocrx_word' id='word_1_465' title='bbox 442 2251 645 2280; x_wconf 76' lang='lat' dir='ltr'>Exccutionem</span> <span class='ocrx_word' id='word_1_466' title='bbox 666 2250 757 2280; x_wconf 75' lang='lat' dir='ltr'>facere</span> <span class='ocrx_word' id='word_1_467' title='bbox 777 2260 873 2281; x_wconf 73' lang='lat' dir='ltr'>contra</span> <span class='ocrx_word' id='word_1_468' title='bbox 889 2252 1046 2289; x_wconf 59' lang='lat' dir='ltr'>liujufmodi</span> <span class='ocrx_word' id='word_1_469' title='bbox 1066 2254 1278 2295; x_wconf 82' lang='lat' dir='ltr'>Delinquentes,</span> 
     </span>
     <span class='ocr_line' id='line_1_58' title="bbox 216 2289 1278 2331; baseline 0.006 -12"><span class='ocrx_word' id='word_1_470' title='bbox 216 2290 295 2327; x_wconf 80' lang='lat' dir='ltr'>quod</span> <span class='ocrx_word' id='word_1_471' title='bbox 312 2299 413 2319; x_wconf 84' lang='lat' dir='ltr'>extunc</span> <span class='ocrx_word' id='word_1_472' title='bbox 432 2289 489 2319; x_wconf 85' lang='lat' dir='ltr'>talis</span> <span class='ocrx_word' id='word_1_473' title='bbox 504 2289 593 2328; x_wconf 81' lang='lat' dir='ltr'>Judex</span> <span class='ocrx_word' id='word_1_474' title='bbox 609 2290 706 2326; x_wconf 77' lang='lat' dir='ltr'>primo</span> <span class='ocrx_word' id='word_1_475' title='bbox 726 2294 762 2319; x_wconf 86' lang='lat' dir='ltr'>lic</span> <span class='ocrx_word' id='word_1_476' title='bbox 787 2291 930 2327; x_wconf 69' lang='lat' dir='ltr'>negligens</span> <span class='ocrx_word' id='word_1_477' title='bbox 956 2291 999 2320; x_wconf 88' lang='lat' dir='ltr'>vel</span> <span class='ocrx_word' id='word_1_478' title='bbox 1019 2293 1150 2322; x_wconf 88' lang='lat' dir='ltr'>omittens</span> <span class='ocrx_word' id='word_1_479' title='bbox 1174 2292 1278 2331; x_wconf 88' lang='lat' dir='ltr'>probe-</span> 
     </span>
     <span class='ocr_line' id='line_1_59' title="bbox 218 2327 1278 2371; baseline 0.004 -13"><span class='ocrx_word' id='word_1_480' title='bbox 218 2338 276 2365; x_wconf 83' lang='lat' dir='ltr'>tur,</span> <span class='ocrx_word' id='word_1_481' title='bbox 295 2329 347 2365; x_wconf 65' lang='grc' dir='ltr'>ὃς,</span> <span class='ocrx_word' id='word_1_482' title='bbox 374 2327 450 2358; x_wconf 64' lang='lat' dir='ltr'>facta.</span> <span class='ocrx_word' id='word_1_483' title='bbox 466 2327 653 2366; x_wconf 76' lang='lat' dir='ltr'>probatione,</span> <span class='ocrx_word' id='word_1_484' title='bbox 678 2329 806 2365; x_wconf 82' lang='lat' dir='ltr'>puniatur</span> <span class='ocrx_word' id='word_1_485' title='bbox 825 2330 852 2358; x_wconf 86' lang='lat' dir='ltr'>in</span> <span class='ocrx_word' id='word_1_486' title='bbox 877 2330 1006 2366; x_wconf 78' lang='lat' dir='ltr'>Corpore</span> <span class='ocrx_word' id='word_1_487' title='bbox 1022 2332 1056 2362; x_wconf 64' lang='grc' dir='ltr'>ὃς</span> <span class='ocrx_word' id='word_1_488' title='bbox 1073 2330 1173 2371; x_wconf 81' lang='lat' dir='ltr'>Bonis,</span> <span class='ocrx_word' id='word_1_489' title='bbox 1195 2342 1278 2371; x_wconf 88' lang='lat' dir='ltr'>prout</span> 
     </span>
     <span class='ocr_line' id='line_1_60' title="bbox 218 2366 860 2404; baseline -0.005 -7"><span class='ocrx_word' id='word_1_490' title='bbox 218 2367 273 2404; x_wconf 75' lang='lat' dir='ltr'>ipse</span> <span class='ocrx_word' id='word_1_491' title='bbox 292 2366 467 2403; x_wconf 83' lang='lat' dir='ltr'>Delinquens</span> <span class='ocrx_word' id='word_1_492' title='bbox 486 2366 643 2402; x_wconf 83' lang='lat' dir='ltr'>puniretur,</span> <span class='ocrx_word' id='word_1_493' title='bbox 663 2374 692 2395; x_wconf 90' lang='lat' dir='ltr'>ut</span> <span class='ocrx_word' id='word_1_494' title='bbox 729 2368 860 2396; x_wconf 54' lang='lat' dir='ltr'>raet‘ertui‘.</span> 
     </span>
    </p>

    <p class='ocr_par' dir='ltr' id='par_1_11' title="bbox 217 2375 1281 2483">
     <span class='ocr_line' id='line_1_61' title="bbox 255 2375 1281 2447; baseline 0.005 -12"><span class='ocrx_word' id='word_1_495' title='bbox 255 2405 347 2435; x_wconf 75' lang='lat' dir='ltr'>Etiam</span> <span class='ocrx_word' id='word_1_496' title='bbox 367 2404 425 2441; x_wconf 86' lang='lat' dir='ltr'>plus</span> <span class='ocrx_word' id='word_1_497' title='bbox 441 2404 600 2433; x_wconf 78' lang='lat' dir='ltr'>ordinamur</span> <span class='ocrx_word' id='word_1_498' title='bbox 618 2404 687 2433; x_wconf 62' lang='lat' dir='ltr'>dieti</span> <span class='ocrx_word' id='word_1_499' title='bbox 707 2375 919 2443; x_wconf 40' lang='lat' dir='ltr'>Procuratorem</span> <span class='ocrx_word' id='word_1_500' title='bbox 937 2406 1015 2443; x_wconf 65' lang='lat' dir='ltr'>quod</span> <span class='ocrx_word' id='word_1_501' title='bbox 1036 2407 1053 2437; x_wconf 86' lang='lat' dir='ltr'>li</span> <span class='ocrx_word' id='word_1_502' title='bbox 1072 2408 1157 2447; x_wconf 80' lang='lat' dir='ltr'>aliqui</span> <span class='ocrx_word' id='word_1_503' title='bbox 1173 2410 1217 2440; x_wconf 92' lang='lat' dir='ltr'>vel</span> <span class='ocrx_word' id='word_1_504' title='bbox 1231 2410 1281 2439; x_wconf 88' lang='lat' dir='ltr'>ali-</span> 
     </span>
     <span class='ocr_line' id='line_1_62' title="bbox 217 2442 1280 2483; baseline 0.005 -10"><span class='ocrx_word' id='word_1_505' title='bbox 217 2445 278 2483; x_wconf 81' lang='lat' dir='ltr'>quis</span> <span class='ocrx_word' id='word_1_506' title='bbox 308 2443 433 2472; x_wconf 87' lang='lat' dir='ltr'>Partium</span> <span class='ocrx_word' id='word_1_507' title='bbox 456 2442 670 2479; x_wconf 64' lang='lat' dir='ltr'>praedit&#39;rarurn,</span> <span class='ocrx_word' id='word_1_508' title='bbox 690 2452 737 2482; x_wconf 87' lang='lat' dir='ltr'>per</span> <span class='ocrx_word' id='word_1_509' title='bbox 766 2443 832 2472; x_wconf 82' lang='lat' dir='ltr'>Vim</span> <span class='ocrx_word' id='word_1_510' title='bbox 860 2443 904 2472; x_wconf 78' lang='lat' dir='ltr'>seu</span> <span class='ocrx_word' id='word_1_511' title='bbox 932 2444 1102 2475; x_wconf 81' lang='lat' dir='ltr'>Potestatem</span> <span class='ocrx_word' id='word_1_512' title='bbox 1129 2446 1280 2478; x_wconf 81' lang='lat' dir='ltr'>Parentum</span> 
     </span>
    </p>
   </div>
   <div class='ocr_carea' id='block_1_8' title="bbox 172 2480 1284 2521">
    <p class='ocr_par' dir='ltr' id='par_1_12' title="bbox 172 2480 1284 2521">
     <span class='ocr_line' id='line_1_63' title="bbox 172 2480 1284 2521; baseline 0.007 -12"><span class='ocrx_word' id='word_1_513' title='bbox 172 2493 175 2495; x_wconf 45' lang='grc'><strong>“</strong></span> <span class='ocrx_word' id='word_1_514' title='bbox 219 2482 463 2518; x_wconf 72' lang='lat' dir='ltr'>veiAmtcorum,</span> <span class='ocrx_word' id='word_1_515' title='bbox 475 2480 518 2510; x_wconf 85' lang='lat' dir='ltr'>seu</span> <span class='ocrx_word' id='word_1_516' title='bbox 535 2480 599 2510; x_wconf 71' lang='lat' dir='ltr'>alias</span> <span class='ocrx_word' id='word_1_517' title='bbox 617 2481 845 2521; x_wconf 74' lang='lat' dir='ltr'>quomodolibet,</span> <span class='ocrx_word' id='word_1_518' title='bbox 858 2483 1013 2520; x_wconf 72' lang='lat' dir='ltr'>impe-&lt;liant</span> <span class='ocrx_word' id='word_1_519' title='bbox 1032 2484 1075 2514; x_wconf 92' lang='lat' dir='ltr'>vel</span> <span class='ocrx_word' id='word_1_520' title='bbox 1092 2487 1284 2517; x_wconf 80' lang='lat' dir='ltr'>contradicant</span> 
     </span>
    </p>
   </div>
   <div class='ocr_carea' id='block_1_9' title="bbox 72 2759 201 2794">
    <p class='ocr_par' dir='ltr' id='par_1_13' title="bbox 72 2759 201 2794">
     <span class='ocr_line' id='line_1_64' title="bbox 72 2759 201 2794; baseline 0 -8"><span class='ocrx_word' id='word_1_521' title='bbox 72 2759 90 2776; x_wconf 73' lang='lat'>⁴*</span> <span class='ocrx_word' id='word_1_522' title='bbox 101 2759 201 2794; x_wconf 79' lang='lat' dir='ltr'><strong>V.769.</strong></span> 
     </span>
    </p>
   </div>
   <div class='ocr_carea' id='block_1_10' title="bbox 219 2519 1301 4095">
    <p class='ocr_par' dir='ltr' id='par_1_14' title="bbox 219 2519 1282 2672">
     <span class='ocr_line' id='line_1_65' title="bbox 221 2519 1282 2562; baseline 0.007 -13"><span class='ocrx_word' id='word_1_523' title='bbox 221 2520 354 2558; x_wconf 72' lang='lat' dir='ltr'>judices,</span> <span class='ocrx_word' id='word_1_524' title='bbox 370 2521 417 2556; x_wconf 85' lang='lat' dir='ltr'>qui</span> <span class='ocrx_word' id='word_1_525' title='bbox 430 2519 536 2549; x_wconf 48' lang='lat' dir='ltr'>dicffam</span> <span class='ocrx_word' id='word_1_526' title='bbox 547 2519 749 2549; x_wconf 81' lang='lat' dir='ltr'>Executionem</span> <span class='ocrx_word' id='word_1_527' title='bbox 769 2521 1033 2552; x_wconf 64' lang='lat' dir='ltr'>raet-revolueritseu</span> <span class='ocrx_word' id='word_1_528' title='bbox 1048 2522 1237 2562; x_wconf 70' lang='lat' dir='ltr'>fecerit,quc‡›d</span> <span class='ocrx_word' id='word_1_529' title='bbox 1253 2527 1282 2555; x_wconf 93' lang='lat' dir='ltr'>in</span> 
     </span>
     <span class='ocr_line' id='line_1_66' title="bbox 219 2557 1275 2602; baseline 0.005 -13"><span class='ocrx_word' id='word_1_530' title='bbox 219 2560 270 2590; x_wconf 91' lang='lat' dir='ltr'>illis</span> <span class='ocrx_word' id='word_1_531' title='bbox 288 2558 528 2588; x_wconf 78' lang='lat' dir='ltr'>Perturbatoribus</span> <span class='ocrx_word' id='word_1_532' title='bbox 543 2559 576 2589; x_wconf 72' lang='grc' dir='ltr'>δε</span> <span class='ocrx_word' id='word_1_533' title='bbox 596 2557 815 2595; x_wconf 53' lang='lat' dir='ltr'>Impedienzilxn</span> <span class='ocrx_word' id='word_1_534' title='bbox 832 2557 875 2588; x_wconf 70' lang='lat' dir='ltr'>fiat</span> <span class='ocrx_word' id='word_1_535' title='bbox 894 2558 1020 2597; x_wconf 72' lang='lat' dir='ltr'>Punitio,</span> <span class='ocrx_word' id='word_1_536' title='bbox 1040 2563 1097 2591; x_wconf 66' lang='lat' dir='ltr'>tim</span> <span class='ocrx_word' id='word_1_537' title='bbox 1117 2564 1144 2592; x_wconf 87' lang='lat' dir='ltr'>in</span> <span class='ocrx_word' id='word_1_538' title='bbox 1166 2563 1275 2602; x_wconf 76' lang='lat' dir='ltr'>Corpo-</span> 
     </span>
     <span class='ocr_line' id='line_1_67' title="bbox 222 2595 1280 2638; baseline 0.005 -10"><span class='ocrx_word' id='word_1_539' title='bbox 222 2599 312 2635; x_wconf 83' lang='lat' dir='ltr'>ribus,</span> <span class='ocrx_word' id='word_1_540' title='bbox 335 2598 419 2634; x_wconf 77' lang='lat' dir='ltr'>quani</span> <span class='ocrx_word' id='word_1_541' title='bbox 446 2595 544 2633; x_wconf 84' lang='lat' dir='ltr'>Bonis,</span> <span class='ocrx_word' id='word_1_542' title='bbox 569 2595 655 2626; x_wconf 87' lang='lat' dir='ltr'>saltim</span> <span class='ocrx_word' id='word_1_543' title='bbox 680 2606 747 2626; x_wconf 86' lang='lat' dir='ltr'>cum</span> <span class='ocrx_word' id='word_1_544' title='bbox 768 2596 904 2627; x_wconf 65' lang='lat' dir='ltr'>Convieri</span> <span class='ocrx_word' id='word_1_545' title='bbox 927 2597 1046 2637; x_wconf 83' lang='lat' dir='ltr'>fuerint,</span> <span class='ocrx_word' id='word_1_546' title='bbox 1072 2609 1155 2638; x_wconf 88' lang='lat' dir='ltr'>prout</span> <span class='ocrx_word' id='word_1_547' title='bbox 1173 2602 1280 2633; x_wconf 65' lang='lat' dir='ltr'>dic&#39;tam</span> 
     </span>
     <span class='ocr_line' id='line_1_68' title="bbox 222 2634 1079 2672; baseline 0.001 -5"><span class='ocrx_word' id='word_1_548' title='bbox 222 2636 330 2667; x_wconf 79' lang='lat' dir='ltr'>Pacem</span> <span class='ocrx_word' id='word_1_549' title='bbox 348 2634 614 2664; x_wconf 82' lang='lat' dir='ltr'>Circumvenientes</span> <span class='ocrx_word' id='word_1_550' title='bbox 633 2635 677 2664; x_wconf 76' lang='lat' dir='ltr'>seu</span> <span class='ocrx_word' id='word_1_551' title='bbox 696 2634 889 2665; x_wconf 66' lang='lat' dir='ltr'>Perturbantes</span> <span class='ocrx_word' id='word_1_552' title='bbox 907 2646 1079 2672; x_wconf 81' lang='lat' dir='ltr'>punirentur.</span> 
     </span>
    </p>

    <p class='ocr_par' dir='ltr' id='par_1_15' title="bbox 220 2672 1286 2938">
     <span class='ocr_line' id='line_1_69' title="bbox 257 2672 1283 2716; baseline 0.005 -12"><span class='ocrx_word' id='word_1_553' title='bbox 257 2673 302 2704; x_wconf 89' lang='grc' dir='ltr'>Ῑτ</span> <span class='ocrx_word' id='word_1_554' title='bbox 314 2682 384 2710; x_wconf 80' lang='lat' dir='ltr'>EM,</span> <span class='ocrx_word' id='word_1_555' title='bbox 400 2673 458 2710; x_wconf 88' lang='lat' dir='ltr'>plus</span> <span class='ocrx_word' id='word_1_556' title='bbox 477 2672 526 2703; x_wconf 89' lang='lat' dir='ltr'>suit</span> <span class='ocrx_word' id='word_1_557' title='bbox 546 2672 718 2702; x_wconf 78' lang='lat' dir='ltr'>Ordinatum</span> <span class='ocrx_word' id='word_1_558' title='bbox 739 2684 785 2710; x_wconf 77' lang='lat' dir='ltr'>per</span> <span class='ocrx_word' id='word_1_559' title='bbox 807 2673 1004 2705; x_wconf 58' lang='lat' dir='ltr'>Procnrmres</span> <span class='ocrx_word' id='word_1_560' title='bbox 1021 2676 1173 2713; x_wconf 63' lang='lat' dir='ltr'>praedictos</span> <span class='ocrx_word' id='word_1_561' title='bbox 1180 2701 1189 2716; x_wconf 92' lang='lat'>,</span> <span class='ocrx_word' id='word_1_562' title='bbox 1206 2678 1283 2716; x_wconf 76' lang='lat' dir='ltr'>quod</span> 
     </span>
     <span class='ocr_line' id='line_1_70' title="bbox 222 2711 1282 2754; baseline 0.004 -11"><span class='ocrx_word' id='word_1_563' title='bbox 222 2713 323 2745; x_wconf 86' lang='lat' dir='ltr'>Nullus</span> <span class='ocrx_word' id='word_1_564' title='bbox 342 2712 538 2749; x_wconf 56' lang='lat' dir='ltr'>predictarum</span> <span class='ocrx_word' id='word_1_565' title='bbox 558 2711 685 2741; x_wconf 86' lang='lat' dir='ltr'>Partium</span> <span class='ocrx_word' id='word_1_566' title='bbox 709 2712 755 2741; x_wconf 85' lang='lat' dir='ltr'>det</span> <span class='ocrx_word' id='word_1_567' title='bbox 777 2711 952 2750; x_wconf 75' lang='lat' dir='ltr'>Consilium,</span> <span class='ocrx_word' id='word_1_568' title='bbox 976 2715 1134 2754; x_wconf 59' lang='lat' dir='ltr'>Auxilium,</span> <span class='ocrx_word' id='word_1_569' title='bbox 1159 2717 1204 2746; x_wconf 91' lang='lat' dir='ltr'>vel</span> <span class='ocrx_word' id='word_1_570' title='bbox 1230 2718 1282 2747; x_wconf 82' lang='lat' dir='ltr'>Fa-</span> 
     </span>
     <span class='ocr_line' id='line_1_71' title="bbox 222 2750 1284 2794; baseline 0.003 -12"><span class='ocrx_word' id='word_1_571' title='bbox 222 2759 339 2789; x_wconf 77' lang='lat' dir='ltr'>vorem,</span> <span class='ocrx_word' id='word_1_572' title='bbox 357 2750 551 2787; x_wconf 67' lang='lat' dir='ltr'>Confiensum,</span> <span class='ocrx_word' id='word_1_573' title='bbox 569 2759 626 2779; x_wconf 84' lang='lat' dir='ltr'>nec</span> <span class='ocrx_word' id='word_1_574' title='bbox 643 2750 661 2768; x_wconf 61' lang='lat'>*⁵</span> <span class='ocrx_word' id='word_1_575' title='bbox 682 2750 862 2787; x_wconf 80' lang='lat' dir='ltr'>Adjutorium</span> <span class='ocrx_word' id='word_1_576' title='bbox 880 2751 962 2781; x_wconf 74' lang='lat' dir='ltr'>alicui</span> <span class='ocrx_word' id='word_1_577' title='bbox 981 2752 1119 2783; x_wconf 61' lang='lat' dir='ltr'>dictarum</span> <span class='ocrx_word' id='word_1_578' title='bbox 1140 2753 1264 2785; x_wconf 83' lang='lat' dir='ltr'>Partium</span> <span class='ocrx_word' id='word_1_579' title='bbox 1275 2779 1284 2794; x_wconf 87' lang='lat'>,</span> 
     </span>
     <span class='ocr_line' id='line_1_72' title="bbox 221 2787 1285 2833; baseline 0.003 -12"><span class='ocrx_word' id='word_1_580' title='bbox 221 2801 275 2821; x_wconf 87' lang='lat' dir='ltr'>nec</span> <span class='ocrx_word' id='word_1_581' title='bbox 293 2790 429 2827; x_wconf 81' lang='lat' dir='ltr'>aliquibus</span> <span class='ocrx_word' id='word_1_582' title='bbox 446 2788 481 2818; x_wconf 91' lang='lat' dir='ltr'>de</span> <span class='ocrx_word' id='word_1_583' title='bbox 501 2787 668 2818; x_wconf 73' lang='lat' dir='ltr'>Convicinis</span> <span class='ocrx_word' id='word_1_584' title='bbox 688 2788 844 2819; x_wconf 81' lang='lat' dir='ltr'>Subditisve</span> <span class='ocrx_word' id='word_1_585' title='bbox 860 2788 927 2827; x_wconf 86' lang='lat' dir='ltr'>suis,</span> <span class='ocrx_word' id='word_1_586' title='bbox 947 2798 979 2820; x_wconf 90' lang='lat' dir='ltr'>ut</span> <span class='ocrx_word' id='word_1_587' title='bbox 996 2791 1098 2829; x_wconf 88' lang='lat' dir='ltr'>aliquid</span> <span class='ocrx_word' id='word_1_588' title='bbox 1117 2792 1210 2831; x_wconf 84' lang='lat' dir='ltr'>faciat,</span> <span class='ocrx_word' id='word_1_589' title='bbox 1227 2794 1285 2833; x_wconf 85' lang='lat' dir='ltr'>det,</span> 
     </span>
     <span class='ocr_line' id='line_1_73' title="bbox 220 2824 1281 2869; baseline 0.003 -10"><span class='ocrx_word' id='word_1_590' title='bbox 220 2837 357 2868; x_wconf 75' lang='lat' dir='ltr'>perpetret</span> <span class='ocrx_word' id='word_1_591' title='bbox 376 2827 490 2858; x_wconf 69' lang='lat' dir='ltr'>Malum</span> <span class='ocrx_word' id='word_1_592' title='bbox 510 2837 564 2857; x_wconf 89' lang='lat' dir='ltr'>nec</span> <span class='ocrx_word' id='word_1_593' title='bbox 583 2824 749 2868; x_wconf 17' lang='lat' dir='ltr'>Danipnunri</span> <span class='ocrx_word' id='word_1_594' title='bbox 768 2829 797 2856; x_wconf 91' lang='lat' dir='ltr'>in</span> <span class='ocrx_word' id='word_1_595' title='bbox 815 2827 887 2857; x_wconf 78' lang='lat' dir='ltr'>Mari</span> <span class='ocrx_word' id='word_1_596' title='bbox 905 2838 959 2858; x_wconf 90' lang='lat' dir='ltr'>nec</span> <span class='ocrx_word' id='word_1_597' title='bbox 975 2829 1004 2858; x_wconf 85' lang='lat' dir='ltr'>iii</span> <span class='ocrx_word' id='word_1_598' title='bbox 1014 2829 1106 2860; x_wconf 70' lang='lat' dir='ltr'>Terrzi</span> <span class='ocrx_word' id='word_1_599' title='bbox 1129 2832 1281 2869; x_wconf 85' lang='lat' dir='ltr'>(videlicet)</span> 
     </span>
     <span class='ocr_line' id='line_1_74' title="bbox 224 2865 1286 2908; baseline 0.003 -10"><span class='ocrx_word' id='word_1_600' title='bbox 224 2869 312 2899; x_wconf 89' lang='lat' dir='ltr'>Unus</span> <span class='ocrx_word' id='word_1_601' title='bbox 330 2875 427 2897; x_wconf 86' lang='lat' dir='ltr'>contra</span> <span class='ocrx_word' id='word_1_602' title='bbox 445 2866 561 2904; x_wconf 87' lang='lat' dir='ltr'>Alium,</span> <span class='ocrx_word' id='word_1_603' title='bbox 585 2865 634 2896; x_wconf 86' lang='lat' dir='ltr'>sub</span> <span class='ocrx_word' id='word_1_604' title='bbox 656 2865 748 2896; x_wconf 81' lang='lat' dir='ltr'>Poena</span> <span class='ocrx_word' id='word_1_605' title='bbox 766 2868 798 2897; x_wconf 59' lang='grc' dir='ltr'>ἃ</span> <span class='ocrx_word' id='word_1_606' title='bbox 821 2865 984 2898; x_wconf 88' lang='lat' dir='ltr'>Incursione</span> <span class='ocrx_word' id='word_1_607' title='bbox 1003 2866 1156 2899; x_wconf 78' lang='lat' dir='ltr'>Poenarum</span> <span class='ocrx_word' id='word_1_608' title='bbox 1183 2871 1286 2908; x_wconf 60' lang='lat' dir='ltr'>praedi-</span> 
     </span>
     <span class='ocr_line' id='line_1_75' title="bbox 220 2908 340 2938; baseline -0.025 0"><span class='ocrx_word' id='word_1_609' title='bbox 220 2908 340 2938; x_wconf 62' lang='lat' dir='ltr'>(starum.</span> 
     </span>
    </p>

    <p class='ocr_par' dir='ltr' id='par_1_16' title="bbox 223 2942 1288 3290">
     <span class='ocr_line' id='line_1_76' title="bbox 260 2942 1286 2983; baseline 0.002 -8"><span class='ocrx_word' id='word_1_610' title='bbox 260 2944 386 2981; x_wconf 76' lang='lat' dir='ltr'>ITEM,</span> <span class='ocrx_word' id='word_1_611' title='bbox 397 2943 449 2973; x_wconf 88' lang='lat' dir='ltr'>fuit</span> <span class='ocrx_word' id='word_1_612' title='bbox 464 2942 656 2981; x_wconf 72' lang='lat' dir='ltr'>ordinatum,</span> <span class='ocrx_word' id='word_1_613' title='bbox 674 2952 723 2980; x_wconf 85' lang='lat' dir='ltr'>per</span> <span class='ocrx_word' id='word_1_614' title='bbox 742 2943 940 2974; x_wconf 86' lang='lat' dir='ltr'>Procuratores</span> <span class='ocrx_word' id='word_1_615' title='bbox 959 2944 1120 2983; x_wconf 62' lang='lat' dir='ltr'>praedictos,</span> <span class='ocrx_word' id='word_1_616' title='bbox 1138 2953 1168 2976; x_wconf 90' lang='lat' dir='ltr'>ut</span> <span class='ocrx_word' id='word_1_617' title='bbox 1186 2946 1286 2977; x_wconf 79' lang='lat' dir='ltr'>melius</span> 
     </span>
     <span class='ocr_line' id='line_1_77' title="bbox 224 2981 1286 3024; baseline 0.002 -10"><span class='ocrx_word' id='word_1_618' title='bbox 224 2983 299 3014; x_wconf 61' lang='lat' dir='ltr'>dieta</span> <span class='ocrx_word' id='word_1_619' title='bbox 314 2982 373 3012; x_wconf 81' lang='lat' dir='ltr'>Pax</span> <span class='ocrx_word' id='word_1_620' title='bbox 390 2981 425 3012; x_wconf 89' lang='lat' dir='ltr'>de</span> <span class='ocrx_word' id='word_1_621' title='bbox 445 2990 549 3011; x_wconf 76' lang='lat' dir='ltr'>caetero</span> <span class='ocrx_word' id='word_1_622' title='bbox 568 2981 751 3012; x_wconf 88' lang='lat' dir='ltr'>custodiretur</span> <span class='ocrx_word' id='word_1_623' title='bbox 769 2982 801 3013; x_wconf 72' lang='grc' dir='ltr'>ἂ</span> <span class='ocrx_word' id='word_1_624' title='bbox 820 2983 957 3021; x_wconf 81' lang='lat' dir='ltr'>servetur,</span> <span class='ocrx_word' id='word_1_625' title='bbox 976 2983 1055 3021; x_wconf 82' lang='lat' dir='ltr'>quod</span> <span class='ocrx_word' id='word_1_626' title='bbox 1075 2983 1172 3022; x_wconf 79' lang='lat' dir='ltr'>Major</span> <span class='ocrx_word' id='word_1_627' title='bbox 1191 2986 1223 3015; x_wconf 87' lang='lat'>&amp;</span> <span class='ocrx_word' id='word_1_628' title='bbox 1235 2986 1286 3024; x_wconf 88' lang='lat' dir='ltr'>Ju-</span> 
     </span>
     <span class='ocr_line' id='line_1_78' title="bbox 227 3019 1286 3058; baseline 0.002 -6"><span class='ocrx_word' id='word_1_629' title='bbox 227 3023 278 3052; x_wconf 83' lang='lat' dir='ltr'>rati</span> <span class='ocrx_word' id='word_1_630' title='bbox 293 3021 419 3051; x_wconf 74' lang='lat' dir='ltr'>Civitatis</span> <span class='ocrx_word' id='word_1_631' title='bbox 435 3019 576 3056; x_wconf 67' lang='lat' dir='ltr'>praedi&amp;ae</span> <span class='ocrx_word' id='word_1_632' title='bbox 595 3019 725 3058; x_wconf 77' lang='lat' dir='ltr'>Baionae,</span> <span class='ocrx_word' id='word_1_633' title='bbox 744 3021 776 3051; x_wconf 87' lang='lat'>&amp;</span> <span class='ocrx_word' id='word_1_634' title='bbox 796 3019 894 3051; x_wconf 79' lang='lat' dir='ltr'>Abbas</span> <span class='ocrx_word' id='word_1_635' title='bbox 913 3021 1049 3052; x_wconf 87' lang='lat' dir='ltr'>Secularis</span> <span class='ocrx_word' id='word_1_636' title='bbox 1067 3022 1136 3052; x_wconf 69' lang='lat' dir='ltr'>dieti</span> <span class='ocrx_word' id='word_1_637' title='bbox 1158 3023 1232 3054; x_wconf 90' lang='lat' dir='ltr'>Loci</span> <span class='ocrx_word' id='word_1_638' title='bbox 1251 3024 1286 3054; x_wconf 89' lang='lat' dir='ltr'>de</span> 
     </span>
     <span class='ocr_line' id='line_1_79' title="bbox 226 3058 1288 3100; baseline 0.003 -10"><span class='ocrx_word' id='word_1_639' title='bbox 226 3060 349 3100; x_wconf 83' lang='lat' dir='ltr'>Berycli,</span> <span class='ocrx_word' id='word_1_640' title='bbox 376 3059 409 3089; x_wconf 89' lang='lat'>&amp;</span> <span class='ocrx_word' id='word_1_641' title='bbox 426 3058 588 3095; x_wconf 71' lang='lat' dir='ltr'>Praepofiri,</span> <span class='ocrx_word' id='word_1_642' title='bbox 609 3059 715 3097; x_wconf 83' lang='lat' dir='ltr'>Jurati,</span> <span class='ocrx_word' id='word_1_643' title='bbox 741 3059 896 3089; x_wconf 69' lang='lat' dir='ltr'>(Ioniiliarii</span> <span class='ocrx_word' id='word_1_644' title='bbox 914 3061 998 3090; x_wconf 84' lang='lat' dir='ltr'>etiam</span> <span class='ocrx_word' id='word_1_645' title='bbox 1016 3061 1050 3090; x_wconf 79' lang='lat' dir='ltr'>ad</span> <span class='ocrx_word' id='word_1_646' title='bbox 1069 3060 1170 3091; x_wconf 79' lang='lat' dir='ltr'>Causas</span> <span class='ocrx_word' id='word_1_647' title='bbox 1193 3062 1288 3093; x_wconf 69' lang='lat' dir='ltr'>dieto-</span> 
     </span>
     <span class='ocr_line' id='line_1_80' title="bbox 223 3096 1288 3136; baseline 0.001 -5"><span class='ocrx_word' id='word_1_648' title='bbox 223 3109 285 3131; x_wconf 77' lang='lat' dir='ltr'>rum</span> <span class='ocrx_word' id='word_1_649' title='bbox 305 3098 453 3128; x_wconf 89' lang='lat' dir='ltr'>Locorum</span> <span class='ocrx_word' id='word_1_650' title='bbox 471 3098 504 3127; x_wconf 84' lang='lat'>&amp;</span> <span class='ocrx_word' id='word_1_651' title='bbox 524 3096 660 3127; x_wconf 85' lang='lat' dir='ltr'>Villarum</span> <span class='ocrx_word' id='word_1_652' title='bbox 677 3097 723 3127; x_wconf 91' lang='lat' dir='ltr'>del</span> <span class='ocrx_word' id='word_1_653' title='bbox 741 3097 895 3135; x_wconf 76' lang='lat' dir='ltr'>Marisme,</span> <span class='ocrx_word' id='word_1_654' title='bbox 909 3099 1001 3135; x_wconf 87' lang='lat' dir='ltr'>jurent</span> <span class='ocrx_word' id='word_1_655' title='bbox 1018 3100 1050 3129; x_wconf 71' lang='grc' dir='ltr'>δε</span> <span class='ocrx_word' id='word_1_656' title='bbox 1065 3099 1158 3136; x_wconf 73' lang='lat' dir='ltr'>Jurare</span> <span class='ocrx_word' id='word_1_657' title='bbox 1174 3109 1288 3132; x_wconf 85' lang='lat' dir='ltr'>tenean-</span> 
     </span>
     <span class='ocr_line' id='line_1_81' title="bbox 226 3135 1288 3178; baseline 0.002 -10"><span class='ocrx_word' id='word_1_658' title='bbox 226 3147 272 3169; x_wconf 88' lang='lat' dir='ltr'>tur</span> <span class='ocrx_word' id='word_1_659' title='bbox 289 3135 446 3175; x_wconf 78' lang='lat' dir='ltr'>(videlicet)</span> <span class='ocrx_word' id='word_1_660' title='bbox 468 3135 761 3177; x_wconf 66' lang='lat' dir='ltr'>quiliberannuatim,</span> <span class='ocrx_word' id='word_1_661' title='bbox 779 3137 807 3165; x_wconf 91' lang='lat' dir='ltr'>in</span> <span class='ocrx_word' id='word_1_662' title='bbox 826 3135 944 3167; x_wconf 87' lang='lat' dir='ltr'>Introitu</span> <span class='ocrx_word' id='word_1_663' title='bbox 961 3137 1063 3167; x_wconf 88' lang='lat' dir='ltr'>Officii</span> <span class='ocrx_word' id='word_1_664' title='bbox 1080 3137 1136 3177; x_wconf 92' lang='lat' dir='ltr'>sui,</span> <span class='ocrx_word' id='word_1_665' title='bbox 1155 3139 1231 3178; x_wconf 88' lang='lat' dir='ltr'>quod</span> <span class='ocrx_word' id='word_1_666' title='bbox 1246 3139 1288 3170; x_wconf 91' lang='lat' dir='ltr'>fa—</span> 
     </span>
     <span class='ocr_line' id='line_1_82' title="bbox 227 3173 1287 3211; baseline 0 -4"><span class='ocrx_word' id='word_1_667' title='bbox 227 3177 302 3207; x_wconf 85' lang='lat' dir='ltr'>ciant</span> <span class='ocrx_word' id='word_1_668' title='bbox 319 3174 412 3205; x_wconf 58' lang='lat' dir='ltr'>diffitos</span> <span class='ocrx_word' id='word_1_669' title='bbox 429 3173 559 3204; x_wconf 85' lang='lat' dir='ltr'>Subditos</span> <span class='ocrx_word' id='word_1_670' title='bbox 575 3177 634 3203; x_wconf 84' lang='lat' dir='ltr'>luos</span> <span class='ocrx_word' id='word_1_671' title='bbox 651 3173 758 3204; x_wconf 84' lang='lat' dir='ltr'>Pacem</span> <span class='ocrx_word' id='word_1_672' title='bbox 768 3174 928 3211; x_wconf 54' lang='lat' dir='ltr'>praedictam</span> <span class='ocrx_word' id='word_1_673' title='bbox 946 3175 1063 3205; x_wconf 89' lang='lat' dir='ltr'>firmiter</span> <span class='ocrx_word' id='word_1_674' title='bbox 1081 3184 1174 3206; x_wconf 89' lang='lat' dir='ltr'>tenere</span> <span class='ocrx_word' id='word_1_675' title='bbox 1190 3178 1287 3208; x_wconf 92' lang='lat' dir='ltr'>&amp;ob-</span> 
     </span>
     <span class='ocr_line' id='line_1_83' title="bbox 225 3211 1287 3256; baseline 0.002 -12"><span class='ocrx_word' id='word_1_676' title='bbox 225 3216 344 3251; x_wconf 83' lang='lat' dir='ltr'>servare,</span> <span class='ocrx_word' id='word_1_677' title='bbox 363 3214 413 3250; x_wconf 89' lang='lat'>&amp;,</span> <span class='ocrx_word' id='word_1_678' title='bbox 431 3213 451 3242; x_wconf 82' lang='lat' dir='ltr'>fi</span> <span class='ocrx_word' id='word_1_679' title='bbox 469 3211 583 3241; x_wconf 82' lang='lat' dir='ltr'>neceffe</span> <span class='ocrx_word' id='word_1_680' title='bbox 601 3211 693 3250; x_wconf 88' lang='lat' dir='ltr'>fuerit,</span> <span class='ocrx_word' id='word_1_681' title='bbox 710 3212 841 3243; x_wconf 85' lang='lat' dir='ltr'>Rebelles</span> <span class='ocrx_word' id='word_1_682' title='bbox 859 3214 1001 3250; x_wconf 86' lang='lat' dir='ltr'>corrigere</span> <span class='ocrx_word' id='word_1_683' title='bbox 1020 3214 1052 3244; x_wconf 87' lang='lat'>&amp;</span> <span class='ocrx_word' id='word_1_684' title='bbox 1070 3216 1189 3253; x_wconf 87' lang='lat' dir='ltr'>punire,</span> <span class='ocrx_word' id='word_1_685' title='bbox 1204 3224 1287 3256; x_wconf 90' lang='lat' dir='ltr'>prout</span> 
     </span>
     <span class='ocr_line' id='line_1_84' title="bbox 226 3250 620 3290; baseline -0.008 -8"><span class='ocrx_word' id='word_1_686' title='bbox 226 3253 351 3290; x_wconf 74' lang='lat' dir='ltr'>superius</span> <span class='ocrx_word' id='word_1_687' title='bbox 369 3251 410 3282; x_wconf 90' lang='lat' dir='ltr'>est</span> <span class='ocrx_word' id='word_1_688' title='bbox 425 3250 620 3288; x_wconf 69' lang='lat' dir='ltr'>expressarum.</span> 
     </span>
    </p>

    <p class='ocr_par' dir='ltr' id='par_1_17' title="bbox 227 3288 1299 3938">
     <span class='ocr_line' id='line_1_85' title="bbox 263 3288 1289 3330; baseline 0.002 -10"><span class='ocrx_word' id='word_1_689' title='bbox 263 3291 308 3323; x_wconf 85' lang='lat' dir='ltr'>IT</span> <span class='ocrx_word' id='word_1_690' title='bbox 319 3299 337 3320; x_wconf 81' lang='grc' dir='ltr'>Ε</span> <span class='ocrx_word' id='word_1_691' title='bbox 348 3297 394 3328; x_wconf 86' lang='lat' dir='ltr'>M,</span> <span class='ocrx_word' id='word_1_692' title='bbox 409 3289 462 3319; x_wconf 91' lang='lat' dir='ltr'>fuit</span> <span class='ocrx_word' id='word_1_693' title='bbox 480 3289 538 3327; x_wconf 85' lang='lat' dir='ltr'>plus</span> <span class='ocrx_word' id='word_1_694' title='bbox 559 3288 727 3318; x_wconf 87' lang='lat' dir='ltr'>Ordinatum</span> <span class='ocrx_word' id='word_1_695' title='bbox 747 3299 793 3326; x_wconf 72' lang='lat' dir='ltr'>per</span> <span class='ocrx_word' id='word_1_696' title='bbox 814 3288 1009 3321; x_wconf 84' lang='lat' dir='ltr'>Procuratores</span> <span class='ocrx_word' id='word_1_697' title='bbox 1025 3291 1203 3330; x_wconf 57' lang='lat' dir='ltr'>supradictos,</span> <span class='ocrx_word' id='word_1_698' title='bbox 1210 3292 1289 3330; x_wconf 79' lang='lat' dir='ltr'>quod</span> 
     </span>
     <span class='ocr_line' id='line_1_86' title="bbox 227 3326 1290 3369; baseline 0.002 -10"><span class='ocrx_word' id='word_1_699' title='bbox 227 3331 248 3360; x_wconf 76' lang='lat' dir='ltr'>fi</span> <span class='ocrx_word' id='word_1_700' title='bbox 264 3330 360 3368; x_wconf 83' lang='lat' dir='ltr'>aliquis</span> <span class='ocrx_word' id='word_1_701' title='bbox 376 3327 517 3366; x_wconf 84' lang='lat' dir='ltr'>ipsorum,</span> <span class='ocrx_word' id='word_1_702' title='bbox 534 3326 570 3358; x_wconf 90' lang='lat' dir='ltr'>de</span> <span class='ocrx_word' id='word_1_703' title='bbox 588 3326 715 3357; x_wconf 86' lang='lat' dir='ltr'>Partibus</span> <span class='ocrx_word' id='word_1_704' title='bbox 735 3328 889 3369; x_wconf 64' lang='lat' dir='ltr'>praedictis,</span> <span class='ocrx_word' id='word_1_705' title='bbox 908 3338 1024 3367; x_wconf 89' lang='lat' dir='ltr'>emeret,</span> <span class='ocrx_word' id='word_1_706' title='bbox 1042 3338 1170 3368; x_wconf 88' lang='lat' dir='ltr'>caperet,</span> <span class='ocrx_word' id='word_1_707' title='bbox 1188 3331 1232 3361; x_wconf 90' lang='lat' dir='ltr'>vel</span> <span class='ocrx_word' id='word_1_708' title='bbox 1247 3341 1290 3361; x_wconf 89' lang='lat' dir='ltr'>re—</span> 
     </span>
     <span class='ocr_line' id='line_1_87' title="bbox 228 3365 1291 3406; baseline 0.002 -10"><span class='ocrx_word' id='word_1_709' title='bbox 228 3369 333 3405; x_wconf 79' lang='lat' dir='ltr'>ciperet</span> <span class='ocrx_word' id='word_1_710' title='bbox 346 3367 463 3404; x_wconf 87' lang='lat' dir='ltr'>Naves,</span> <span class='ocrx_word' id='word_1_711' title='bbox 482 3365 671 3402; x_wconf 81' lang='lat' dir='ltr'>Mercaturas,</span> <span class='ocrx_word' id='word_1_712' title='bbox 690 3366 716 3395; x_wconf 85' lang='lat' dir='ltr'>V</span> <span class='ocrx_word' id='word_1_713' title='bbox 719 3371 775 3401; x_wconf 75' lang='lat' dir='ltr'>aia,</span> <span class='ocrx_word' id='word_1_714' title='bbox 795 3367 838 3395; x_wconf 66' lang='lat' dir='ltr'>vel</span> <span class='ocrx_word' id='word_1_715' title='bbox 855 3367 918 3397; x_wconf 76' lang='lat' dir='ltr'>alias</span> <span class='ocrx_word' id='word_1_716' title='bbox 936 3368 993 3398; x_wconf 86' lang='lat' dir='ltr'>Res</span> <span class='ocrx_word' id='word_1_717' title='bbox 1010 3368 1207 3406; x_wconf 78' lang='lat' dir='ltr'>quascumque,</span> <span class='ocrx_word' id='word_1_718' title='bbox 1226 3369 1291 3399; x_wconf 85' lang='lat' dir='ltr'>Sur-</span> 
     </span>
     <span class='ocr_line' id='line_1_88' title="bbox 230 3404 1290 3444; baseline -0.001 -7"><span class='ocrx_word' id='word_1_719' title='bbox 230 3415 317 3443; x_wconf 74' lang='lat' dir='ltr'>reptas</span> <span class='ocrx_word' id='word_1_720' title='bbox 333 3405 378 3436; x_wconf 91' lang='lat' dir='ltr'>vel</span> <span class='ocrx_word' id='word_1_721' title='bbox 400 3404 578 3442; x_wconf 74' lang='lat' dir='ltr'>Depraedatas</span> <span class='ocrx_word' id='word_1_722' title='bbox 593 3404 628 3433; x_wconf 88' lang='lat' dir='ltr'>ab</span> <span class='ocrx_word' id='word_1_723' title='bbox 647 3404 780 3442; x_wconf 63' lang='lat' dir='ltr'>aliquibus</span> <span class='ocrx_word' id='word_1_724' title='bbox 798 3406 995 3441; x_wconf 57' lang='lat' dir='ltr'>praedictaruni</span> <span class='ocrx_word' id='word_1_725' title='bbox 1015 3406 1156 3444; x_wconf 87' lang='lat' dir='ltr'>Partium,</span> <span class='ocrx_word' id='word_1_726' title='bbox 1174 3407 1290 3437; x_wconf 82' lang='lat' dir='ltr'>scienter</span> 
     </span>
     <span class='ocr_line' id='line_1_89' title="bbox 232 3443 1291 3482; baseline 0.001 -8"><span class='ocrx_word' id='word_1_727' title='bbox 232 3444 276 3474; x_wconf 83' lang='lat' dir='ltr'>scu</span> <span class='ocrx_word' id='word_1_728' title='bbox 295 3444 407 3481; x_wconf 76' lang='lat' dir='ltr'>dolose,</span> <span class='ocrx_word' id='word_1_729' title='bbox 425 3451 523 3473; x_wconf 73' lang='lat' dir='ltr'>contra</span> <span class='ocrx_word' id='word_1_730' title='bbox 542 3443 646 3472; x_wconf 79' lang='lat' dir='ltr'>Pacem</span> <span class='ocrx_word' id='word_1_731' title='bbox 668 3443 848 3480; x_wconf 62' lang='lat' dir='ltr'>prdelCUm,</span> <span class='ocrx_word' id='word_1_732' title='bbox 868 3444 947 3481; x_wconf 78' lang='lat' dir='ltr'>quod</span> <span class='ocrx_word' id='word_1_733' title='bbox 965 3454 1085 3482; x_wconf 84' lang='lat' dir='ltr'>extunc,</span> <span class='ocrx_word' id='word_1_734' title='bbox 1101 3445 1170 3474; x_wconf 79' lang='lat' dir='ltr'>cum</span> <span class='ocrx_word' id='word_1_735' title='bbox 1190 3446 1291 3482; x_wconf 85' lang='lat' dir='ltr'>proba-</span> 
     </span>
     <span class='ocr_line' id='line_1_90' title="bbox 233 3480 1292 3519; baseline 0.002 -8"><span class='ocrx_word' id='word_1_736' title='bbox 233 3491 297 3519; x_wconf 67' lang='lat' dir='ltr'>ntum</span> <span class='ocrx_word' id='word_1_737' title='bbox 320 3483 416 3519; x_wconf 79' lang='lat' dir='ltr'>fuerit,</span> <span class='ocrx_word' id='word_1_738' title='bbox 442 3481 604 3518; x_wconf 82' lang='lat' dir='ltr'>Dominus,</span> <span class='ocrx_word' id='word_1_739' title='bbox 629 3481 674 3511; x_wconf 89' lang='lat' dir='ltr'>vel</span> <span class='ocrx_word' id='word_1_740' title='bbox 695 3480 834 3518; x_wconf 81' lang='lat' dir='ltr'>Domini,</span> <span class='ocrx_word' id='word_1_741' title='bbox 856 3481 1020 3519; x_wconf 85' lang='lat' dir='ltr'>Locorum,</span> <span class='ocrx_word' id='word_1_742' title='bbox 1048 3493 1096 3519; x_wconf 78' lang='lat' dir='ltr'>per</span> <span class='ocrx_word' id='word_1_743' title='bbox 1114 3482 1227 3513; x_wconf 89' lang='lat' dir='ltr'>Partem</span> <span class='ocrx_word' id='word_1_744' title='bbox 1247 3483 1292 3513; x_wconf 89' lang='lat' dir='ltr'>seu</span> 
     </span>
     <span class='ocr_line' id='line_1_91' title="bbox 233 3518 1293 3558; baseline 0.003 -10"><span class='ocrx_word' id='word_1_745' title='bbox 233 3519 381 3551; x_wconf 79' lang='lat' dir='ltr'>Domitios</span> <span class='ocrx_word' id='word_1_746' title='bbox 398 3520 538 3549; x_wconf 51' lang='lat' dir='ltr'>&amp;Clarum</span> <span class='ocrx_word' id='word_1_747' title='bbox 558 3519 708 3556; x_wconf 80' lang='lat' dir='ltr'>Navium,</span> <span class='ocrx_word' id='word_1_748' title='bbox 728 3518 968 3557; x_wconf 83' lang='lat' dir='ltr'>Mercaturaruin,</span> <span class='ocrx_word' id='word_1_749' title='bbox 993 3521 1149 3558; x_wconf 60' lang='lat' dir='ltr'>Vesorum,</span> <span class='ocrx_word' id='word_1_750' title='bbox 1167 3521 1210 3551; x_wconf 89' lang='lat' dir='ltr'>seu</span> <span class='ocrx_word' id='word_1_751' title='bbox 1230 3521 1293 3552; x_wconf 78' lang='lat' dir='ltr'>alia-</span> 
     </span>
     <span class='ocr_line' id='line_1_92' title="bbox 233 3557 1292 3599; baseline 0.001 -11"><span class='ocrx_word' id='word_1_752' title='bbox 233 3567 303 3588; x_wconf 71' lang='lat' dir='ltr'>rum</span> <span class='ocrx_word' id='word_1_753' title='bbox 320 3557 427 3587; x_wconf 85' lang='lat' dir='ltr'>Rerum</span> <span class='ocrx_word' id='word_1_754' title='bbox 464 3567 688 3595; x_wconf 82' lang='lat' dir='ltr'>uarumcumque</span> <span class='ocrx_word' id='word_1_755' title='bbox 708 3557 953 3596; x_wconf 68' lang='lat' dir='ltr'>Depraedatarum,</span> <span class='ocrx_word' id='word_1_756' title='bbox 970 3558 1137 3589; x_wconf 80' lang='lat' dir='ltr'>sufficienter</span> <span class='ocrx_word' id='word_1_757' title='bbox 1156 3560 1292 3599; x_wconf 75' lang='lat' dir='ltr'>requisiti,</span> 
     </span>
     <span class='ocr_line' id='line_1_93' title="bbox 233 3595 1294 3635; baseline 0.001 -8"><span class='ocrx_word' id='word_1_758' title='bbox 233 3597 339 3627; x_wconf 74' lang='lat' dir='ltr'>faciant</span> <span class='ocrx_word' id='word_1_759' title='bbox 353 3595 408 3624; x_wconf 80' lang='lat' dir='ltr'>line</span> <span class='ocrx_word' id='word_1_760' title='bbox 426 3595 452 3624; x_wconf 89' lang='lat' dir='ltr'>d&#39;</span> <span class='ocrx_word' id='word_1_761' title='bbox 465 3598 558 3626; x_wconf 88' lang='lat' dir='ltr'>atione</span> <span class='ocrx_word' id='word_1_762' title='bbox 576 3595 738 3626; x_wconf 85' lang='lat' dir='ltr'>Petentibus</span> <span class='ocrx_word' id='word_1_763' title='bbox 760 3596 805 3626; x_wconf 80' lang='lat' dir='ltr'>leti</span> <span class='ocrx_word' id='word_1_764' title='bbox 830 3596 959 3629; x_wconf 77' lang='lat' dir='ltr'>legitime</span> <span class='ocrx_word' id='word_1_765' title='bbox 983 3597 1205 3627; x_wconf 84' lang='lat' dir='ltr'>Vendicantibus</span> <span class='ocrx_word' id='word_1_766' title='bbox 1224 3608 1294 3635; x_wconf 77' lang='lat' dir='ltr'>pne-</span> 
     </span>
     <span class='ocr_line' id='line_1_94' title="bbox 233 3632 1294 3672; baseline 0.001 -7"><span class='ocrx_word' id='word_1_767' title='bbox 233 3635 327 3665; x_wconf 64' lang='lat' dir='ltr'>dietas</span> <span class='ocrx_word' id='word_1_768' title='bbox 340 3633 457 3669; x_wconf 63' lang='lat' dir='ltr'>Naves,</span> <span class='ocrx_word' id='word_1_769' title='bbox 476 3632 663 3672; x_wconf 84' lang='lat' dir='ltr'>Mercaturas,</span> <span class='ocrx_word' id='word_1_770' title='bbox 682 3634 765 3671; x_wconf 84' lang='lat' dir='ltr'>Vasa,</span> <span class='ocrx_word' id='word_1_771' title='bbox 789 3634 822 3664; x_wconf 92' lang='lat'>&amp;</span> <span class='ocrx_word' id='word_1_772' title='bbox 841 3634 898 3664; x_wconf 85' lang='lat' dir='ltr'>Res</span> <span class='ocrx_word' id='word_1_773' title='bbox 914 3634 1021 3664; x_wconf 58' lang='lat' dir='ltr'>exactas</span> <span class='ocrx_word' id='word_1_774' title='bbox 1038 3635 1142 3665; x_wconf 84' lang='lat' dir='ltr'>restitui</span> <span class='ocrx_word' id='word_1_775' title='bbox 1161 3646 1229 3666; x_wconf 85' lang='lat' dir='ltr'>cuni</span> <span class='ocrx_word' id='word_1_776' title='bbox 1253 3636 1294 3666; x_wconf 77' lang='lat' dir='ltr'>cf-</span> 
     </span>
     <span class='ocr_line' id='line_1_95' title="bbox 234 3670 1295 3714; baseline 0.003 -12"><span class='ocrx_word' id='word_1_777' title='bbox 234 3673 332 3710; x_wconf 65' lang='lat' dir='ltr'>fectu,</span> <span class='ocrx_word' id='word_1_778' title='bbox 355 3670 410 3701; x_wconf 79' lang='lat' dir='ltr'>sirie</span> <span class='ocrx_word' id='word_1_779' title='bbox 428 3671 649 3710; x_wconf 83' lang='lat' dir='ltr'>quibuscumque</span> <span class='ocrx_word' id='word_1_780' title='bbox 668 3672 798 3710; x_wconf 69' lang='lat' dir='ltr'>Expeniis</span> <span class='ocrx_word' id='word_1_781' title='bbox 825 3672 977 3708; x_wconf 86' lang='lat' dir='ltr'>(videlicet)</span> <span class='ocrx_word' id='word_1_782' title='bbox 998 3673 1050 3702; x_wconf 85' lang='lat' dir='ltr'>hiis</span> <span class='ocrx_word' id='word_1_783' title='bbox 1068 3674 1114 3710; x_wconf 86' lang='lat' dir='ltr'>qui</span> <span class='ocrx_word' id='word_1_784' title='bbox 1133 3673 1295 3714; x_wconf 81' lang='lat' dir='ltr'>Depraedati</span> 
     </span>
     <span class='ocr_line' id='line_1_96' title="bbox 237 3708 1297 3750; baseline 0.001 -10"><span class='ocrx_word' id='word_1_785' title='bbox 237 3712 357 3747; x_wconf 87' lang='lat' dir='ltr'>suerint,</span> <span class='ocrx_word' id='word_1_786' title='bbox 372 3709 418 3739; x_wconf 88' lang='lat' dir='ltr'>seu</span> <span class='ocrx_word' id='word_1_787' title='bbox 433 3708 604 3739; x_wconf 78' lang='lat' dir='ltr'>Haeredibus</span> <span class='ocrx_word' id='word_1_788' title='bbox 621 3712 797 3749; x_wconf 76' lang='lat' dir='ltr'>eorumdem,</span> <span class='ocrx_word' id='word_1_789' title='bbox 814 3710 860 3749; x_wconf 79' lang='lat' dir='ltr'>Et,</span> <span class='ocrx_word' id='word_1_790' title='bbox 879 3712 897 3740; x_wconf 81' lang='lat' dir='ltr'>ii</span> <span class='ocrx_word' id='word_1_791' title='bbox 916 3710 1039 3740; x_wconf 90' lang='lat' dir='ltr'>Domini</span> <span class='ocrx_word' id='word_1_792' title='bbox 1058 3712 1208 3741; x_wconf 87' lang='lat' dir='ltr'>Locorum</span> <span class='ocrx_word' id='word_1_793' title='bbox 1225 3722 1297 3750; x_wconf 82' lang='lat' dir='ltr'>prae-</span> 
     </span>
     <span class='ocr_line' id='line_1_97' title="bbox 237 3746 1298 3788; baseline 0.002 -10"><span class='ocrx_word' id='word_1_794' title='bbox 237 3749 327 3785; x_wconf 66' lang='lat' dir='ltr'>dieti,</span> <span class='ocrx_word' id='word_1_795' title='bbox 347 3758 394 3784; x_wconf 85' lang='lat' dir='ltr'>per</span> <span class='ocrx_word' id='word_1_796' title='bbox 414 3755 519 3785; x_wconf 82' lang='lat' dir='ltr'>partem</span> <span class='ocrx_word' id='word_1_797' title='bbox 537 3746 773 3784; x_wconf 79' lang='lat' dir='ltr'>Depraedatorum</span> <span class='ocrx_word' id='word_1_798' title='bbox 793 3749 921 3785; x_wconf 79' lang='lat' dir='ltr'>legitime</span> <span class='ocrx_word' id='word_1_799' title='bbox 940 3750 1077 3788; x_wconf 72' lang='lat' dir='ltr'>requisiti,</span> <span class='ocrx_word' id='word_1_800' title='bbox 1097 3751 1126 3779; x_wconf 91' lang='lat' dir='ltr'>in</span> <span class='ocrx_word' id='word_1_801' title='bbox 1144 3750 1298 3780; x_wconf 84' lang='lat' dir='ltr'>Executio-</span> 
     </span>
     <span class='ocr_line' id='line_1_98' title="bbox 239 3783 1296 3831; baseline 0.002 -15"><span class='ocrx_word' id='word_1_802' title='bbox 239 3797 275 3816; x_wconf 89' lang='lat' dir='ltr'>ne</span> <span class='ocrx_word' id='word_1_803' title='bbox 294 3785 489 3816; x_wconf 84' lang='lat' dir='ltr'>Restitutionis</span> <span class='ocrx_word' id='word_1_804' title='bbox 506 3783 644 3814; x_wconf 79' lang='lat' dir='ltr'>faciendae</span> <span class='ocrx_word' id='word_1_805' title='bbox 661 3785 760 3816; x_wconf 86' lang='lat' dir='ltr'>fuerint</span> <span class='ocrx_word' id='word_1_806' title='bbox 777 3788 967 3831; x_wconf 70' lang='lat' dir='ltr'>negligentes,</span> <span class='ocrx_word' id='word_1_807' title='bbox 986 3789 1056 3818; x_wconf 83' lang='lat' dir='ltr'>cum</span> <span class='ocrx_word' id='word_1_808' title='bbox 1075 3789 1132 3818; x_wconf 91' lang='lat' dir='ltr'>hoc</span> <span class='ocrx_word' id='word_1_809' title='bbox 1148 3789 1296 3825; x_wconf 85' lang='lat' dir='ltr'>probatum</span> 
     </span>
     <span class='ocr_line' id='line_1_99' title="bbox 238 3822 1299 3864; baseline 0.003 -11"><span class='ocrx_word' id='word_1_810' title='bbox 238 3824 334 3860; x_wconf 87' lang='lat' dir='ltr'>suerit,</span> <span class='ocrx_word' id='word_1_811' title='bbox 351 3823 430 3853; x_wconf 84' lang='lat' dir='ltr'>Bona</span> <span class='ocrx_word' id='word_1_812' title='bbox 448 3825 481 3855; x_wconf 88' lang='lat'>&amp;</span> <span class='ocrx_word' id='word_1_813' title='bbox 499 3822 597 3852; x_wconf 74' lang='lat' dir='ltr'>Caufae</span> <span class='ocrx_word' id='word_1_814' title='bbox 617 3822 714 3864; x_wconf 72' lang='lat' dir='ltr'>talium</span> <span class='ocrx_word' id='word_1_815' title='bbox 733 3824 930 3855; x_wconf 76' lang='lat' dir='ltr'>Domitiorum</span> <span class='ocrx_word' id='word_1_816' title='bbox 960 3826 1196 3864; x_wconf 79' lang='lat' dir='ltr'>Delinquentium</span> <span class='ocrx_word' id='word_1_817' title='bbox 1223 3826 1299 3863; x_wconf 78' lang='lat' dir='ltr'>Regi</span> 
     </span>
     <span class='ocr_line' id='line_1_100' title="bbox 236 3861 1298 3903; baseline 0.003 -11"><span class='ocrx_word' id='word_1_818' title='bbox 236 3861 360 3899; x_wconf 81' lang='lat' dir='ltr'>ejusdem</span> <span class='ocrx_word' id='word_1_819' title='bbox 378 3862 494 3899; x_wconf 85' lang='lat' dir='ltr'>Terrae,</span> <span class='ocrx_word' id='word_1_820' title='bbox 509 3862 540 3891; x_wconf 86' lang='lat' dir='ltr'>iti</span> <span class='ocrx_word' id='word_1_821' title='bbox 557 3870 614 3897; x_wconf 85' lang='lat' dir='ltr'>quo</span> <span class='ocrx_word' id='word_1_822' title='bbox 632 3863 669 3890; x_wconf 79' lang='lat' dir='ltr'>lic</span> <span class='ocrx_word' id='word_1_823' title='bbox 687 3861 801 3899; x_wconf 82' lang='lat' dir='ltr'>deliquit</span> <span class='ocrx_word' id='word_1_824' title='bbox 819 3873 866 3900; x_wconf 78' lang='lat' dir='ltr'>per</span> <span class='ocrx_word' id='word_1_825' title='bbox 885 3864 1098 3903; x_wconf 77' lang='lat' dir='ltr'>negligentiam,</span> <span class='ocrx_word' id='word_1_826' title='bbox 1116 3865 1148 3896; x_wconf 73' lang='grc' dir='ltr'>ὅ(</span> <span class='ocrx_word' id='word_1_827' title='bbox 1165 3865 1211 3895; x_wconf 88' lang='lat' dir='ltr'>cui</span> <span class='ocrx_word' id='word_1_828' title='bbox 1225 3865 1298 3895; x_wconf 89' lang='lat' dir='ltr'>Sub-</span> 
     </span>
     <span class='ocr_line' id='line_1_101' title="bbox 238 3899 1028 3938; baseline 0.001 -8"><span class='ocrx_word' id='word_1_829' title='bbox 238 3901 311 3930; x_wconf 81' lang='lat' dir='ltr'>ditus</span> <span class='ocrx_word' id='word_1_830' title='bbox 329 3899 481 3930; x_wconf 73' lang='lat' dir='ltr'>immediate</span> <span class='ocrx_word' id='word_1_831' title='bbox 499 3899 597 3936; x_wconf 85' lang='lat' dir='ltr'>fuerit,</span> <span class='ocrx_word' id='word_1_832' title='bbox 616 3907 668 3935; x_wconf 88' lang='lat' dir='ltr'>pro</span> <span class='ocrx_word' id='word_1_833' title='bbox 688 3907 820 3938; x_wconf 85' lang='lat' dir='ltr'>perpetuo</span> <span class='ocrx_word' id='word_1_834' title='bbox 837 3902 1028 3933; x_wconf 69' lang='lat' dir='ltr'>confiscantur.</span> 
     </span>
    </p>

    <p class='ocr_par' dir='ltr' id='par_1_18' title="bbox 238 3937 1301 4095">
     <span class='ocr_line' id='line_1_102' title="bbox 245 3937 1300 3978; baseline 0.003 -10"><span class='ocrx_word' id='word_1_835' title='bbox 245 3958 249 3960; x_wconf 95' lang='lat'><em>-</em></span> <span class='ocrx_word' id='word_1_836' title='bbox 276 3937 322 3968; x_wconf 84' lang='grc' dir='ltr'>Ιτ</span> <span class='ocrx_word' id='word_1_837' title='bbox 332 3946 350 3967; x_wconf 80' lang='lat' dir='ltr'>E</span> <span class='ocrx_word' id='word_1_838' title='bbox 362 3945 386 3966; x_wconf 78' lang='grc' dir='ltr'>Μ</span> <span class='ocrx_word' id='word_1_839' title='bbox 396 3959 405 3974; x_wconf 87' lang='lat'>,</span> <span class='ocrx_word' id='word_1_840' title='bbox 422 3937 472 3967; x_wconf 87' lang='lat' dir='ltr'>fuit</span> <span class='ocrx_word' id='word_1_841' title='bbox 485 3937 658 3967; x_wconf 79' lang='lat' dir='ltr'>Ordinarum</span> <span class='ocrx_word' id='word_1_842' title='bbox 674 3945 722 3974; x_wconf 82' lang='lat' dir='ltr'>per</span> <span class='ocrx_word' id='word_1_843' title='bbox 744 3937 936 3970; x_wconf 79' lang='lat' dir='ltr'>Procuratores</span> <span class='ocrx_word' id='word_1_844' title='bbox 959 3941 1126 3978; x_wconf 65' lang='lat' dir='ltr'>praedirfms,</span> <span class='ocrx_word' id='word_1_845' title='bbox 1143 3950 1200 3970; x_wconf 90' lang='lat' dir='ltr'>non</span> <span class='ocrx_word' id='word_1_846' title='bbox 1222 3950 1300 3970; x_wconf 89' lang='lat' dir='ltr'>rece—</span> 
     </span>
     <span class='ocr_line' id='line_1_103' title="bbox 238 3973 1300 4017; baseline 0.002 -11"><span class='ocrx_word' id='word_1_847' title='bbox 238 3974 333 4006; x_wconf 89' lang='lat' dir='ltr'>dendo</span> <span class='ocrx_word' id='word_1_848' title='bbox 353 3974 389 4003; x_wconf 89' lang='lat' dir='ltr'>de</span> <span class='ocrx_word' id='word_1_849' title='bbox 413 3973 509 4005; x_wconf 69' lang='lat' dir='ltr'>Cauiis</span> <span class='ocrx_word' id='word_1_850' title='bbox 529 3975 649 4012; x_wconf 79' lang='lat' dir='ltr'>superius</span> <span class='ocrx_word' id='word_1_851' title='bbox 665 3974 821 4012; x_wconf 79' lang='lat' dir='ltr'>expreilatis</span> <span class='ocrx_word' id='word_1_852' title='bbox 833 3978 866 4006; x_wconf 71' lang='grc' dir='ltr'>ὃ(</span> <span class='ocrx_word' id='word_1_853' title='bbox 889 3979 1037 4017; x_wconf 81' lang='lat' dir='ltr'>ordinatis,</span> <span class='ocrx_word' id='word_1_854' title='bbox 1055 3979 1135 4017; x_wconf 82' lang='lat' dir='ltr'>quod</span> <span class='ocrx_word' id='word_1_855' title='bbox 1149 3978 1168 4008; x_wconf 81' lang='lat' dir='ltr'>fi</span> <span class='ocrx_word' id='word_1_856' title='bbox 1204 3980 1244 4008; x_wconf 90' lang='lat' dir='ltr'>uis</span> <span class='ocrx_word' id='word_1_857' title='bbox 1257 3979 1300 4008; x_wconf 94' lang='lat' dir='ltr'>di-</span> 
     </span>
     <span class='ocr_line' id='line_1_104' title="bbox 238 4012 1301 4055; baseline 0.003 -11"><span class='ocrx_word' id='word_1_858' title='bbox 238 4014 352 4044; x_wconf 67' lang='lat' dir='ltr'>&amp;arum</span> <span class='ocrx_word' id='word_1_859' title='bbox 367 4014 503 4050; x_wconf 84' lang='lat' dir='ltr'>partium,</span> <span class='ocrx_word' id='word_1_860' title='bbox 520 4021 632 4052; x_wconf 84' lang='lat' dir='ltr'>propter</span> <span class='ocrx_word' id='word_1_861' title='bbox 647 4012 816 4043; x_wconf 82' lang='lat' dir='ltr'>Ebrietatem</span> <span class='ocrx_word' id='word_1_862' title='bbox 831 4015 876 4043; x_wconf 87' lang='lat' dir='ltr'>vel</span> <span class='ocrx_word' id='word_1_863' title='bbox 893 4015 1008 4055; x_wconf 77' lang='lat' dir='ltr'>Rixam,</span> <span class='ocrx_word' id='word_1_864' title='bbox 1025 4018 1069 4047; x_wconf 88' lang='lat' dir='ltr'>vel</span> <span class='ocrx_word' id='word_1_865' title='bbox 1084 4018 1138 4047; x_wconf 84' lang='lat' dir='ltr'>alio</span> <span class='ocrx_word' id='word_1_866' title='bbox 1153 4027 1169 4047; x_wconf 91' lang='lat' dir='ltr'>c</span> <span class='ocrx_word' id='word_1_867' title='bbox 1198 4027 1215 4046; x_wconf 92' lang='lat' dir='ltr'>u</span> <span class='ocrx_word' id='word_1_868' title='bbox 1230 4026 1301 4046; x_wconf 90' lang='lat' dir='ltr'>con-</span> 
     </span>
     <span class='ocr_line' id='line_1_105' title="bbox 242 4051 1301 4095; baseline 0.004 -12"><span class='ocrx_word' id='word_1_869' title='bbox 242 4052 340 4090; x_wconf 73' lang='lat' dir='ltr'>simili,</span> <span class='ocrx_word' id='word_1_870' title='bbox 355 4051 389 4082; x_wconf 86' lang='lat'>&amp;</span> <span class='ocrx_word' id='word_1_871' title='bbox 401 4059 465 4081; x_wconf 71' lang='lat' dir='ltr'>non</span> <span class='ocrx_word' id='word_1_872' title='bbox 477 4052 575 4083; x_wconf 84' lang='lat' dir='ltr'>animo</span> <span class='ocrx_word' id='word_1_873' title='bbox 586 4051 830 4084; x_wconf 76' lang='lat' dir='ltr'>circumveniendi</span> <span class='ocrx_word' id='word_1_874' title='bbox 845 4051 949 4085; x_wconf 80' lang='lat' dir='ltr'>Pacem</span> <span class='ocrx_word' id='word_1_875' title='bbox 962 4055 1145 4095; x_wconf 60' lang='lat' dir='ltr'>praedictam,</span> <span class='ocrx_word' id='word_1_876' title='bbox 1161 4054 1301 4087; x_wconf 86' lang='lat' dir='ltr'>occiderit</span> 
     </span>
    </p>
   </div>
   <div class='ocr_carea' id='block_1_11' title="bbox 674 164 1469 218">
    <p class='ocr_par' dir='ltr' id='par_1_19' title="bbox 674 164 1469 218">
     <span class='ocr_line' id='line_1_106' title="bbox 674 164 1469 218; baseline -0.001 -11"><span class='ocrx_word' id='word_1_877' title='bbox 674 164 1469 218; x_wconf 87' lang='lat' dir='ltr'>CONVENTIONES,</span> 
     </span>
    </p>
   </div>
   <div class='ocr_carea' id='block_1_12' title="bbox 1525 167 1911 220">
    <p class='ocr_par' dir='ltr' id='par_1_20' title="bbox 1525 167 1911 220">
     <span class='ocr_line' id='line_1_107' title="bbox 1525 167 1911 220; baseline 0.013 -13"><span class='ocrx_word' id='word_1_878' title='bbox 1525 167 1911 220; x_wconf 90' lang='lat' dir='ltr'>LITERAE,</span> 
     </span>
    </p>
   </div>
   <div class='ocr_carea' id='block_1_13' title="bbox 1297 249 2384 2178">
    <p class='ocr_par' dir='ltr' id='par_1_21' title="bbox 1297 249 2373 703">
     <span class='ocr_line' id='line_1_108' title="bbox 1297 249 2367 294; baseline 0.005 -15"><span class='ocrx_word' id='word_1_879' title='bbox 1297 249 1402 294; x_wconf 80' lang='lat' dir='ltr'>alium,</span> <span class='ocrx_word' id='word_1_880' title='bbox 1427 251 1506 289; x_wconf 80' lang='lat' dir='ltr'>quod</span> <span class='ocrx_word' id='word_1_881' title='bbox 1525 251 1646 284; x_wconf 82' lang='lat' dir='ltr'>Poenam</span> <span class='ocrx_word' id='word_1_882' title='bbox 1667 253 1770 285; x_wconf 89' lang='lat' dir='ltr'>Mortis</span> <span class='ocrx_word' id='word_1_883' title='bbox 1784 253 1894 291; x_wconf 86' lang='lat' dir='ltr'>subeat,</span> <span class='ocrx_word' id='word_1_884' title='bbox 1920 252 1940 283; x_wconf 86' lang='lat' dir='ltr'>fi</span> <span class='ocrx_word' id='word_1_885' title='bbox 1959 255 2083 294; x_wconf 86' lang='lat' dir='ltr'>capiatur</span> <span class='ocrx_word' id='word_1_886' title='bbox 2101 253 2130 285; x_wconf 92' lang='lat' dir='ltr'>in</span> <span class='ocrx_word' id='word_1_887' title='bbox 2153 253 2236 286; x_wconf 87' lang='lat' dir='ltr'>Loco</span> <span class='ocrx_word' id='word_1_888' title='bbox 2261 254 2310 285; x_wconf 90' lang='lat' dir='ltr'>ubi</span> <span class='ocrx_word' id='word_1_889' title='bbox 2329 253 2367 285; x_wconf 81' lang='lat' dir='ltr'>fic</span> 
     </span>
     <span class='ocr_line' id='line_1_109' title="bbox 1298 287 2371 331; baseline 0.007 -14"><span class='ocrx_word' id='word_1_890' title='bbox 1298 287 1430 331; x_wconf 78' lang='lat' dir='ltr'>deliquit,</span> <span class='ocrx_word' id='word_1_891' title='bbox 1451 291 1503 329; x_wconf 88' lang='lat'>&amp;,</span> <span class='ocrx_word' id='word_1_892' title='bbox 1517 291 1547 321; x_wconf 89' lang='lat' dir='ltr'>in</span> <span class='ocrx_word' id='word_1_893' title='bbox 1566 302 1622 330; x_wconf 90' lang='lat' dir='ltr'>quo</span> <span class='ocrx_word' id='word_1_894' title='bbox 1639 292 1708 323; x_wconf 93' lang='lat' dir='ltr'>loco</span> <span class='ocrx_word' id='word_1_895' title='bbox 1728 293 1784 323; x_wconf 89' lang='lat' dir='ltr'>alio</span> <span class='ocrx_word' id='word_1_896' title='bbox 1797 293 1862 329; x_wconf 88' lang='lat' dir='ltr'>capi</span> <span class='ocrx_word' id='word_1_897' title='bbox 1880 294 1998 330; x_wconf 88' lang='lat' dir='ltr'>poterit,</span> <span class='ocrx_word' id='word_1_898' title='bbox 2032 292 2156 323; x_wconf 83' lang='lat' dir='ltr'>Poenam</span> <span class='ocrx_word' id='word_1_899' title='bbox 2186 293 2290 324; x_wconf 85' lang='lat' dir='ltr'>Mortis</span> <span class='ocrx_word' id='word_1_900' title='bbox 2306 293 2371 324; x_wconf 82' lang='lat' dir='ltr'>sub-</span> 
     </span>
     <span class='ocr_line' id='line_1_110' title="bbox 1299 329 2371 369; baseline 0.007 -14"><span class='ocrx_word' id='word_1_901' title='bbox 1299 335 1339 355; x_wconf 89' lang='lat' dir='ltr'>ire</span> <span class='ocrx_word' id='word_1_902' title='bbox 1358 329 1560 367; x_wconf 71' lang='lat' dir='ltr'>compellatur,</span> <span class='ocrx_word' id='word_1_903' title='bbox 1579 330 1631 369; x_wconf 89' lang='lat'>&amp;,</span> <span class='ocrx_word' id='word_1_904' title='bbox 1650 331 1670 361; x_wconf 85' lang='lat' dir='ltr'>fi</span> <span class='ocrx_word' id='word_1_905' title='bbox 1689 331 1751 369; x_wconf 88' lang='lat' dir='ltr'>quis</span> <span class='ocrx_word' id='word_1_906' title='bbox 1767 330 1910 361; x_wconf 59' lang='lat' dir='ltr'>dictarum</span> <span class='ocrx_word' id='word_1_907' title='bbox 1929 332 2048 368; x_wconf 85' lang='lat' dir='ltr'>partium</span> <span class='ocrx_word' id='word_1_908' title='bbox 2074 332 2159 362; x_wconf 88' lang='lat' dir='ltr'>talem</span> <span class='ocrx_word' id='word_1_909' title='bbox 2176 331 2371 362; x_wconf 90' lang='lat' dir='ltr'>Homicidam</span> 
     </span>
     <span class='ocr_line' id='line_1_111' title="bbox 1300 367 2369 409; baseline 0.007 -16"><span class='ocrx_word' id='word_1_910' title='bbox 1300 367 1500 408; x_wconf 73' lang='lat' dir='ltr'>receptaverit,</span> <span class='ocrx_word' id='word_1_911' title='bbox 1528 367 1677 406; x_wconf 88' lang='lat' dir='ltr'>postquam</span> <span class='ocrx_word' id='word_1_912' title='bbox 1701 369 1786 400; x_wconf 90' lang='lat' dir='ltr'>semel</span> <span class='ocrx_word' id='word_1_913' title='bbox 1809 369 1950 405; x_wconf 78' lang='lat' dir='ltr'>requisitus</span> <span class='ocrx_word' id='word_1_914' title='bbox 1967 368 2070 407; x_wconf 87' lang='lat' dir='ltr'>fuerit,</span> <span class='ocrx_word' id='word_1_915' title='bbox 2099 370 2177 408; x_wconf 77' lang='lat' dir='ltr'>quod</span> <span class='ocrx_word' id='word_1_916' title='bbox 2192 370 2297 409; x_wconf 84' lang='lat' dir='ltr'>solvat,</span> <span class='ocrx_word' id='word_1_917' title='bbox 2315 379 2369 400; x_wconf 92' lang='lat' dir='ltr'>no-</span> 
     </span>
     <span class='ocr_line' id='line_1_112' title="bbox 1301 403 2370 439; baseline 0.007 -8"><span class='ocrx_word' id='word_1_918' title='bbox 1301 412 1381 433; x_wconf 89' lang='lat' dir='ltr'>mine</span> <span class='ocrx_word' id='word_1_919' title='bbox 1400 403 1501 435; x_wconf 79' lang='lat' dir='ltr'>Poenae</span> <span class='ocrx_word' id='word_1_920' title='bbox 1541 405 1668 438; x_wconf 88' lang='lat' dir='ltr'>Centum</span> <span class='ocrx_word' id='word_1_921' title='bbox 1695 407 1793 438; x_wconf 88' lang='lat' dir='ltr'>Libras</span> <span class='ocrx_word' id='word_1_922' title='bbox 1818 407 1960 437; x_wconf 89' lang='lat' dir='ltr'>bonorum</span> <span class='ocrx_word' id='word_1_923' title='bbox 1985 407 2196 439; x_wconf 83' lang='lat' dir='ltr'>Turoneniium</span> <span class='ocrx_word' id='word_1_924' title='bbox 2213 408 2370 439; x_wconf 88' lang='lat' dir='ltr'>Parvorum</span> 
     </span>
     <span class='ocr_line' id='line_1_113' title="bbox 1303 428 2370 488; baseline 0.007 -19"><span class='ocrx_word' id='word_1_925' title='bbox 1303 440 1457 485; x_wconf 77' lang='lat' dir='ltr'>(videlicet)</span> <span class='ocrx_word' id='word_1_926' title='bbox 1479 428 1673 476; x_wconf 49' lang='lat' dir='ltr'>Medietatem*</span> <span class='ocrx_word' id='word_1_927' title='bbox 1688 444 1824 476; x_wconf 90' lang='lat' dir='ltr'>Domino</span> <span class='ocrx_word' id='word_1_928' title='bbox 1847 446 1924 483; x_wconf 81' lang='lat' dir='ltr'>cujus</span> <span class='ocrx_word' id='word_1_929' title='bbox 1947 444 2082 488; x_wconf 75' lang='lat' dir='ltr'>Subditus</span> <span class='ocrx_word' id='word_1_930' title='bbox 2107 446 2206 485; x_wconf 87' lang='lat' dir='ltr'>fuerit,</span> <span class='ocrx_word' id='word_1_931' title='bbox 2230 447 2264 478; x_wconf 92' lang='lat'>&amp;</span> <span class='ocrx_word' id='word_1_932' title='bbox 2286 447 2370 478; x_wconf 86' lang='lat' dir='ltr'>aliam</span> 
     </span>
     <span class='ocr_line' id='line_1_114' title="bbox 1302 477 2370 521; baseline 0.007 -13"><span class='ocrx_word' id='word_1_933' title='bbox 1302 477 1489 511; x_wconf 87' lang='lat' dir='ltr'>Medietatem</span> <span class='ocrx_word' id='word_1_934' title='bbox 1504 482 1675 514; x_wconf 84' lang='lat' dir='ltr'>Haeredibus</span> <span class='ocrx_word' id='word_1_935' title='bbox 1687 484 1758 514; x_wconf 64' lang='lat' dir='ltr'>dieti</span> <span class='ocrx_word' id='word_1_936' title='bbox 1773 482 1919 521; x_wconf 61' lang='lat' dir='ltr'>defuncti,</span> <span class='ocrx_word' id='word_1_937' title='bbox 1938 484 1984 513; x_wconf 89' lang='lat' dir='ltr'>vel</span> <span class='ocrx_word' id='word_1_938' title='bbox 2000 483 2218 515; x_wconf 59' lang='lat' dir='ltr'>detunffimrurn·</span> <span class='ocrx_word' id='word_1_939' title='bbox 2240 495 2300 516; x_wconf 91' lang='lat' dir='ltr'>non</span> <span class='ocrx_word' id='word_1_940' title='bbox 2315 485 2370 515; x_wconf 92' lang='lat' dir='ltr'>ob·</span> 
     </span>
     <span class='ocr_line' id='line_1_115' title="bbox 1301 508 2370 560; baseline 0.007 -13"><span class='ocrx_word' id='word_1_941' title='bbox 1301 516 1389 548; x_wconf 81' lang='lat' dir='ltr'>stante</span> <span class='ocrx_word' id='word_1_942' title='bbox 1403 520 1482 556; x_wconf 78' lang='lat' dir='ltr'>quod</span> <span class='ocrx_word' id='word_1_943' title='bbox 1498 521 1555 558; x_wconf 88' lang='lat' dir='ltr'>ipse</span> <span class='ocrx_word' id='word_1_944' title='bbox 1566 521 1722 553; x_wconf 85' lang='lat' dir='ltr'>Homicida</span> <span class='ocrx_word' id='word_1_945' title='bbox 1736 521 1868 552; x_wconf 88' lang='lat' dir='ltr'>Mortem</span> <span class='ocrx_word' id='word_1_946' title='bbox 1884 521 1993 559; x_wconf 85' lang='lat' dir='ltr'>semper</span> <span class='ocrx_word' id='word_1_947' title='bbox 2015 522 2109 553; x_wconf 91' lang='lat' dir='ltr'>subeat</span> <span class='ocrx_word' id='word_1_948' title='bbox 2128 532 2183 560; x_wconf 83' lang='lat' dir='ltr'>pro</span> <span class='ocrx_word' id='word_1_949' title='bbox 2196 508 2370 554; x_wconf 78' lang='lat' dir='ltr'>1-&#39;10rnicidio</span> 
     </span>
     <span class='ocr_line' id='line_1_116' title="bbox 1301 556 2371 600; baseline 0.007 -15"><span class='ocrx_word' id='word_1_950' title='bbox 1301 556 1338 585; x_wconf 89' lang='lat' dir='ltr'>ab</span> <span class='ocrx_word' id='word_1_951' title='bbox 1348 566 1383 587; x_wconf 89' lang='lat' dir='ltr'>eo</span> <span class='ocrx_word' id='word_1_952' title='bbox 1401 559 1579 596; x_wconf 72' lang='lat' dir='ltr'>commisso,</span> <span class='ocrx_word' id='word_1_953' title='bbox 1598 570 1651 591; x_wconf 90' lang='lat' dir='ltr'>nec</span> <span class='ocrx_word' id='word_1_954' title='bbox 1666 570 1715 600; x_wconf 90' lang='lat' dir='ltr'>per</span> <span class='ocrx_word' id='word_1_955' title='bbox 1729 561 1812 591; x_wconf 90' lang='lat' dir='ltr'>talem</span> <span class='ocrx_word' id='word_1_956' title='bbox 1828 559 2023 598; x_wconf 87' lang='lat' dir='ltr'>Solutionem,</span> <span class='ocrx_word' id='word_1_957' title='bbox 2038 560 2143 591; x_wconf 64' lang='lat' dir='ltr'>saritam</span> <span class='ocrx_word' id='word_1_958' title='bbox 2162 571 2211 598; x_wconf 88' lang='lat' dir='ltr'>per</span> <span class='ocrx_word' id='word_1_959' title='bbox 2230 561 2371 600; x_wconf 86' lang='lat' dir='ltr'>Recepta-</span> 
     </span>
     <span class='ocr_line' id='line_1_117' title="bbox 1302 597 2372 639; baseline 0.007 -15"><span class='ocrx_word' id='word_1_960' title='bbox 1302 602 1410 633; x_wconf 87' lang='lat' dir='ltr'>torem,</span> <span class='ocrx_word' id='word_1_961' title='bbox 1427 606 1490 634; x_wconf 80' lang='lat' dir='ltr'>quae</span> <span class='ocrx_word' id='word_1_962' title='bbox 1508 597 1550 627; x_wconf 89' lang='lat' dir='ltr'>est</span> <span class='ocrx_word' id='word_1_963' title='bbox 1568 597 1659 629; x_wconf 87' lang='lat' dir='ltr'>Poena</span> <span class='ocrx_word' id='word_1_964' title='bbox 1673 599 1878 630; x_wconf 89' lang='lat' dir='ltr'>tantummodo</span> <span class='ocrx_word' id='word_1_965' title='bbox 1896 598 2104 639; x_wconf 85' lang='lat' dir='ltr'>Receptatoris,</span> <span class='ocrx_word' id='word_1_966' title='bbox 2129 598 2192 629; x_wconf 73' lang='lat' dir='ltr'>alias</span> <span class='ocrx_word' id='word_1_967' title='bbox 2214 598 2372 631; x_wconf 88' lang='lat' dir='ltr'>Homicida</span> 
     </span>
     <span class='ocr_line' id='line_1_118' title="bbox 1302 633 2373 679; baseline 0.007 -16"><span class='ocrx_word' id='word_1_968' title='bbox 1302 633 1443 676; x_wconf 31' lang='lat' dir='ltr'>alMortis</span> <span class='ocrx_word' id='word_1_969' title='bbox 1460 645 1545 673; x_wconf 85' lang='lat' dir='ltr'>poena</span> <span class='ocrx_word' id='word_1_970' title='bbox 1563 646 1614 674; x_wconf 89' lang='lat' dir='ltr'>per</span> <span class='ocrx_word' id='word_1_971' title='bbox 1631 637 1690 668; x_wconf 89' lang='lat' dir='ltr'>hoc</span> <span class='ocrx_word' id='word_1_972' title='bbox 1713 637 1856 669; x_wconf 79' lang='lat' dir='ltr'>excusetur</span> <span class='ocrx_word' id='word_1_973' title='bbox 1873 637 1918 679; x_wconf 84' lang='lat' dir='ltr'>seu</span> <span class='ocrx_word' id='word_1_974' title='bbox 1935 637 2082 677; x_wconf 86' lang='lat' dir='ltr'>liberetur,</span> <span class='ocrx_word' id='word_1_975' title='bbox 2104 639 2277 677; x_wconf 90' lang='lat' dir='ltr'>ubicumque</span> <span class='ocrx_word' id='word_1_976' title='bbox 2292 640 2373 670; x_wconf 90' lang='lat' dir='ltr'>inve·</span> 
     </span>
     <span class='ocr_line' id='line_1_119' title="bbox 1302 680 1400 703; baseline 0 -1"><span class='ocrx_word' id='word_1_977' title='bbox 1302 680 1400 703; x_wconf 86' lang='lat' dir='ltr'>matur.</span> 
     </span>
    </p>

    <p class='ocr_par' dir='ltr' id='par_1_22' title="bbox 1304 709 2377 1204">
     <span class='ocr_line' id='line_1_120' title="bbox 1329 709 2373 751; baseline 0.006 -11"><span class='ocrx_word' id='word_1_978' title='bbox 1329 709 1432 750; x_wconf 75' lang='lat' dir='ltr'>ITEM,</span> <span class='ocrx_word' id='word_1_979' title='bbox 1439 712 1482 750; x_wconf 89' lang='lat'>&amp;,</span> <span class='ocrx_word' id='word_1_980' title='bbox 1489 713 1506 744; x_wconf 81' lang='lat' dir='ltr'>fi</span> <span class='ocrx_word' id='word_1_981' title='bbox 1516 712 1722 751; x_wconf 69' lang='lat' dir='ltr'>quisdistarum</span> <span class='ocrx_word' id='word_1_982' title='bbox 1732 711 1857 743; x_wconf 77' lang='lat' dir='ltr'>Patrium</span> <span class='ocrx_word' id='word_1_983' title='bbox 1865 711 1978 751; x_wconf 81' lang='lat' dir='ltr'>alicujus</span> <span class='ocrx_word' id='word_1_984' title='bbox 1984 713 2072 744; x_wconf 87' lang='lat' dir='ltr'>Partis</span> <span class='ocrx_word' id='word_1_985' title='bbox 2077 713 2196 745; x_wconf 78' lang='lat' dir='ltr'>adversae</span> <span class='ocrx_word' id='word_1_986' title='bbox 2204 713 2373 746; x_wconf 88' lang='lat' dir='ltr'>Membrum</span> 
     </span>
     <span class='ocr_line' id='line_1_121' title="bbox 1305 750 2375 790; baseline 0.005 -11"><span class='ocrx_word' id='word_1_987' title='bbox 1305 750 1484 790; x_wconf 85' lang='lat' dir='ltr'>mutilaverit,</span> <span class='ocrx_word' id='word_1_988' title='bbox 1492 751 1571 789; x_wconf 83' lang='lat' dir='ltr'>quod</span> <span class='ocrx_word' id='word_1_989' title='bbox 1586 751 1754 782; x_wconf 87' lang='lat' dir='ltr'>Membrum</span> <span class='ocrx_word' id='word_1_990' title='bbox 1770 761 1822 788; x_wconf 87' lang='lat' dir='ltr'>pro</span> <span class='ocrx_word' id='word_1_991' title='bbox 1839 750 1976 781; x_wconf 82' lang='lat' dir='ltr'>Membro</span> <span class='ocrx_word' id='word_1_992' title='bbox 1989 761 2111 783; x_wconf 85' lang='lat' dir='ltr'>teneatur</span> <span class='ocrx_word' id='word_1_993' title='bbox 2125 754 2249 784; x_wconf 83' lang='lat' dir='ltr'>amittere</span> <span class='ocrx_word' id='word_1_994' title='bbox 2263 753 2292 783; x_wconf 91' lang='lat' dir='ltr'>in</span> <span class='ocrx_word' id='word_1_995' title='bbox 2307 753 2375 784; x_wconf 91' lang='lat' dir='ltr'>loco</span> 
     </span>
     <span class='ocr_line' id='line_1_122' title="bbox 1306 788 2374 827; baseline 0.004 -8"><span class='ocrx_word' id='word_1_996' title='bbox 1306 797 1363 825; x_wconf 87' lang='lat' dir='ltr'>quo</span> <span class='ocrx_word' id='word_1_997' title='bbox 1378 788 1548 820; x_wconf 80' lang='lat' dir='ltr'>Membrum</span> <span class='ocrx_word' id='word_1_998' title='bbox 1564 790 1603 820; x_wconf 90' lang='lat' dir='ltr'>fic</span> <span class='ocrx_word' id='word_1_999' title='bbox 1619 791 1702 820; x_wconf 84' lang='lat' dir='ltr'>fuerit</span> <span class='ocrx_word' id='word_1_1000' title='bbox 1718 789 1898 827; x_wconf 66' lang='lat' dir='ltr'>mutilatum,</span> <span class='ocrx_word' id='word_1_1001' title='bbox 1915 789 1959 819; x_wconf 88' lang='lat' dir='ltr'>vel</span> <span class='ocrx_word' id='word_1_1002' title='bbox 1974 791 2004 820; x_wconf 92' lang='lat' dir='ltr'>in</span> <span class='ocrx_word' id='word_1_1003' title='bbox 2019 791 2091 821; x_wconf 88' lang='lat' dir='ltr'>locis</span> <span class='ocrx_word' id='word_1_1004' title='bbox 2112 791 2170 822; x_wconf 83' lang='lat' dir='ltr'>aliis</span> <span class='ocrx_word' id='word_1_1005' title='bbox 2209 791 2374 822; x_wconf 89' lang='lat' dir='ltr'>uibuscum—</span> 
     </span>
     <span class='ocr_line' id='line_1_123' title="bbox 1306 827 2373 867; baseline 0.005 -11"><span class='ocrx_word' id='word_1_1006' title='bbox 1306 836 1360 864; x_wconf 83' lang='lat' dir='ltr'>que</span> <span class='ocrx_word' id='word_1_1007' title='bbox 1376 828 1424 858; x_wconf 89' lang='lat' dir='ltr'>ubi</span> <span class='ocrx_word' id='word_1_1008' title='bbox 1441 830 1545 865; x_wconf 87' lang='lat' dir='ltr'>poterit</span> <span class='ocrx_word' id='word_1_1009' title='bbox 1562 830 1626 867; x_wconf 88' lang='lat' dir='ltr'>capi</span> <span class='ocrx_word' id='word_1_1010' title='bbox 1641 829 1686 860; x_wconf 87' lang='lat' dir='ltr'>seu</span> <span class='ocrx_word' id='word_1_1011' title='bbox 1699 827 1827 866; x_wconf 71' lang='lat' dir='ltr'>arestari,</span> <span class='ocrx_word' id='word_1_1012' title='bbox 1845 827 1899 864; x_wconf 75' lang='lat' dir='ltr'>Et,</span> <span class='ocrx_word' id='word_1_1013' title='bbox 1916 827 2009 866; x_wconf 76' lang='lat' dir='ltr'>siquis</span> <span class='ocrx_word' id='word_1_1014' title='bbox 2023 828 2163 861; x_wconf 65' lang='lat' dir='ltr'>dictarum</span> <span class='ocrx_word' id='word_1_1015' title='bbox 2213 832 2314 861; x_wconf 88' lang='lat' dir='ltr'>artium</span> <span class='ocrx_word' id='word_1_1016' title='bbox 2329 841 2373 861; x_wconf 89' lang='lat' dir='ltr'>re-</span> 
     </span>
     <span class='ocr_line' id='line_1_124' title="bbox 1304 865 2374 905; baseline 0.006 -11"><span class='ocrx_word' id='word_1_1017' title='bbox 1304 868 1456 903; x_wconf 84' lang='lat' dir='ltr'>ceptaverit</span> <span class='ocrx_word' id='word_1_1018' title='bbox 1471 865 1588 905; x_wconf 67' lang='lat' dir='ltr'>=talem,</span> <span class='ocrx_word' id='word_1_1019' title='bbox 1617 867 1662 898; x_wconf 90' lang='lat' dir='ltr'>vel</span> <span class='ocrx_word' id='word_1_1020' title='bbox 1685 867 1748 897; x_wconf 79' lang='lat' dir='ltr'>tales</span> <span class='ocrx_word' id='word_1_1021' title='bbox 1773 866 1991 904; x_wconf 70' lang='lat' dir='ltr'>Maiefacftores,</span> <span class='ocrx_word' id='word_1_1022' title='bbox 2021 867 2100 904; x_wconf 79' lang='lat' dir='ltr'>quod</span> <span class='ocrx_word' id='word_1_1023' title='bbox 2122 877 2244 899; x_wconf 84' lang='lat' dir='ltr'>teneatur</span> <span class='ocrx_word' id='word_1_1024' title='bbox 2269 869 2374 900; x_wconf 88' lang='lat' dir='ltr'>solvere</span> 
     </span>
     <span class='ocr_line' id='line_1_125' title="bbox 1309 903 2374 945; baseline 0.006 -12"><span class='ocrx_word' id='word_1_1025' title='bbox 1309 903 1527 943; x_wconf 73' lang='lat' dir='ltr'>Qinquagirita</span> <span class='ocrx_word' id='word_1_1026' title='bbox 1543 906 1642 936; x_wconf 87' lang='lat' dir='ltr'>Libras</span> <span class='ocrx_word' id='word_1_1027' title='bbox 1656 906 1742 936; x_wconf 67' lang='lat' dir='ltr'>dietae</span> <span class='ocrx_word' id='word_1_1028' title='bbox 1758 904 1908 942; x_wconf 81' lang='lat' dir='ltr'>Monetae,</span> <span class='ocrx_word' id='word_1_1029' title='bbox 1925 915 1941 934; x_wconf 92' lang='lat' dir='ltr'>a</span> <span class='ocrx_word' id='word_1_1030' title='bbox 1961 913 2092 943; x_wconf 85' lang='lat' dir='ltr'>tempore</span> <span class='ocrx_word' id='word_1_1031' title='bbox 2112 906 2311 945; x_wconf 76' lang='lat' dir='ltr'>Requisitionis</span> <span class='ocrx_word' id='word_1_1032' title='bbox 2332 910 2374 939; x_wconf 90' lang='lat' dir='ltr'>ei-</span> 
     </span>
     <span class='ocr_line' id='line_1_126' title="bbox 1307 942 2375 982; baseline 0.006 -10"><span class='ocrx_word' id='word_1_1033' title='bbox 1307 942 1373 972; x_wconf 88' lang='lat' dir='ltr'>dem</span> <span class='ocrx_word' id='word_1_1034' title='bbox 1389 943 1517 982; x_wconf 77' lang='lat' dir='ltr'>legitime</span> <span class='ocrx_word' id='word_1_1035' title='bbox 1534 944 1618 975; x_wconf 71' lang='lat' dir='ltr'>faetae</span> <span class='ocrx_word' id='word_1_1036' title='bbox 1633 944 1678 974; x_wconf 87' lang='lat' dir='ltr'>seu</span> <span class='ocrx_word' id='word_1_1037' title='bbox 1693 944 1832 974; x_wconf 85' lang='lat' dir='ltr'>nunciatae</span> <span class='ocrx_word' id='word_1_1038' title='bbox 1851 943 2006 981; x_wconf 86' lang='lat' dir='ltr'>(videlicet)</span> <span class='ocrx_word' id='word_1_1039' title='bbox 2026 943 2216 976; x_wconf 85' lang='lat' dir='ltr'>Medietatem</span> <span class='ocrx_word' id='word_1_1040' title='bbox 2237 946 2375 978; x_wconf 87' lang='lat' dir='ltr'>Domino</span> 
     </span>
     <span class='ocr_line' id='line_1_127' title="bbox 1307 980 2374 1021; baseline 0.005 -11"><span class='ocrx_word' id='word_1_1041' title='bbox 1307 982 1355 1020; x_wconf 90' lang='lat' dir='ltr'>qui</span> <span class='ocrx_word' id='word_1_1042' title='bbox 1368 981 1476 1013; x_wconf 62' lang='lat' dir='ltr'>dictam</span> <span class='ocrx_word' id='word_1_1043' title='bbox 1493 980 1698 1014; x_wconf 77' lang='lat' dir='ltr'>Executionem</span> <span class='ocrx_word' id='word_1_1044' title='bbox 1710 983 1826 1021; x_wconf 85' lang='lat' dir='ltr'>fecerit,</span> <span class='ocrx_word' id='word_1_1045' title='bbox 1843 983 1876 1013; x_wconf 67' lang='grc' dir='ltr'>ὃ(</span> <span class='ocrx_word' id='word_1_1046' title='bbox 1892 982 1971 1019; x_wconf 85' lang='lat' dir='ltr'>aliam</span> <span class='ocrx_word' id='word_1_1047' title='bbox 1995 981 2183 1014; x_wconf 83' lang='lat' dir='ltr'>Medietatem</span> <span class='ocrx_word' id='word_1_1048' title='bbox 2204 985 2272 1021; x_wconf 87' lang='lat' dir='ltr'>parti</span> <span class='ocrx_word' id='word_1_1049' title='bbox 2290 984 2374 1016; x_wconf 82' lang='lat' dir='ltr'>darn-</span> 
     </span>
     <span class='ocr_line' id='line_1_128' title="bbox 1307 1019 2375 1062; baseline 0.005 -13"><span class='ocrx_word' id='word_1_1050' title='bbox 1307 1019 1464 1059; x_wconf 80' lang='lat' dir='ltr'>pnificatae,</span> <span class='ocrx_word' id='word_1_1051' title='bbox 1477 1021 1527 1052; x_wconf 69' lang='lat' dir='ltr'>vel</span> <span class='ocrx_word' id='word_1_1052' title='bbox 1541 1021 1655 1052; x_wconf 76' lang='lat' dir='ltr'>Haeredi</span> <span class='ocrx_word' id='word_1_1053' title='bbox 1671 1021 1812 1059; x_wconf 82' lang='lat' dir='ltr'>ejusdem,·</span> <span class='ocrx_word' id='word_1_1054' title='bbox 1831 1030 1902 1056; x_wconf 81' lang='lat' dir='ltr'>nec,</span> <span class='ocrx_word' id='word_1_1055' title='bbox 1920 1029 2033 1058; x_wconf 84' lang='lat' dir='ltr'>propter</span> <span class='ocrx_word' id='word_1_1056' title='bbox 2055 1021 2164 1053; x_wconf 60' lang='lat' dir='ltr'>dictam</span> <span class='ocrx_word' id='word_1_1057' title='bbox 2179 1022 2375 1062; x_wconf 85' lang='lat' dir='ltr'>Solutionem‚</span> 
     </span>
     <span class='ocr_line' id='line_1_129' title="bbox 1307 1058 2374 1101; baseline 0.005 -13"><span class='ocrx_word' id='word_1_1058' title='bbox 1307 1069 1322 1089; x_wconf 88' lang='lat' dir='ltr'>a</span> <span class='ocrx_word' id='word_1_1059' title='bbox 1334 1059 1421 1096; x_wconf 73' lang='lat' dir='ltr'>poena</span> <span class='ocrx_word' id='word_1_1060' title='bbox 1442 1060 1579 1097; x_wconf 51' lang='lat' dir='ltr'>praedict&amp;</span> <span class='ocrx_word' id='word_1_1061' title='bbox 1599 1060 1692 1091; x_wconf 66' lang='lat' dir='ltr'>dictus</span> <span class='ocrx_word' id='word_1_1062' title='bbox 1716 1058 1976 1097; x_wconf 67' lang='lat' dir='ltr'>Mutilatoraiiquo</span> <span class='ocrx_word' id='word_1_1063' title='bbox 1992 1059 2084 1090; x_wconf 90' lang='lat' dir='ltr'>modo</span> <span class='ocrx_word' id='word_1_1064' title='bbox 2103 1060 2264 1100; x_wconf 75' lang='lat' dir='ltr'>excusetur,</span> <span class='ocrx_word' id='word_1_1065' title='bbox 2282 1061 2336 1101; x_wconf 89' lang='lat' dir='ltr'>Et,</span> <span class='ocrx_word' id='word_1_1066' title='bbox 2353 1063 2374 1093; x_wconf 85' lang='lat' dir='ltr'>fi</span> 
     </span>
     <span class='ocr_line' id='line_1_130' title="bbox 1307 1097 2374 1138; baseline 0.006 -12"><span class='ocrx_word' id='word_1_1067' title='bbox 1307 1097 1436 1134; x_wconf 61' lang='lat' dir='ltr'>praedicti</span> <span class='ocrx_word' id='word_1_1068' title='bbox 1454 1097 1655 1136; x_wconf 79' lang='lat' dir='ltr'>Recepiatores</span> <span class='ocrx_word' id='word_1_1069' title='bbox 1667 1098 1774 1128; x_wconf 70' lang='lat' dir='ltr'>dietam</span> <span class='ocrx_word' id='word_1_1070' title='bbox 1792 1097 1941 1128; x_wconf 84' lang='lat' dir='ltr'>Summam</span> <span class='ocrx_word' id='word_1_1071' title='bbox 1961 1097 2066 1128; x_wconf 85' lang='lat' dir='ltr'>solvere</span> <span class='ocrx_word' id='word_1_1072' title='bbox 2084 1108 2142 1129; x_wconf 94' lang='lat' dir='ltr'>non</span> <span class='ocrx_word' id='word_1_1073' title='bbox 2161 1107 2312 1138; x_wconf 89' lang='lat' dir='ltr'>poterunt,</span> <span class='ocrx_word' id='word_1_1074' title='bbox 2327 1100 2374 1132; x_wconf 89' lang='lat' dir='ltr'>seu</span> 
     </span>
     <span class='ocr_line' id='line_1_131' title="bbox 1306 1135 2377 1203; baseline 0.007 -39"><span class='ocrx_word' id='word_1_1075' title='bbox 1306 1135 1421 1203; x_wconf 52' lang='lat' dir='ltr'>solgrirex</span> <span class='ocrx_word' id='word_1_1076' title='bbox 1431 1137 1584 1176; x_wconf 87' lang='lat' dir='ltr'>noluerint,</span> <span class='ocrx_word' id='word_1_1077' title='bbox 1610 1136 1757 1168; x_wconf 84' lang='lat' dir='ltr'>consimile</span> <span class='ocrx_word' id='word_1_1078' title='bbox 1776 1135 1946 1174; x_wconf 84' lang='lat' dir='ltr'>Membrum</span> <span class='ocrx_word' id='word_1_1079' title='bbox 1957 1159 1966 1174; x_wconf 90' lang='lat'>,</span> <span class='ocrx_word' id='word_1_1080' title='bbox 1984 1137 2099 1168; x_wconf 89' lang='lat' dir='ltr'>nomine</span> <span class='ocrx_word' id='word_1_1081' title='bbox 2116 1147 2226 1176; x_wconf 86' lang='lat' dir='ltr'>poenae,</span> <span class='ocrx_word' id='word_1_1082' title='bbox 2250 1139 2377 1172; x_wconf 84' lang='lat' dir='ltr'>amittant</span> 
     </span>
     <span class='ocr_line' id='line_1_132' title="bbox 1311 1184 1435 1204; baseline 0 0"><span class='ocrx_word' id='word_1_1083' title='bbox 1311 1184 1339 1204; x_wconf 85' lang='lat' dir='ltr'>in</span> <span class='ocrx_word' id='word_1_1084' title='bbox 1363 1184 1435 1204; x_wconf 91' lang='lat' dir='ltr'>iate.</span> 
     </span>
    </p>

    <p class='ocr_par' dir='ltr' id='par_1_23' title="bbox 1309 1212 2382 1592">
     <span class='ocr_line' id='line_1_133' title="bbox 1345 1212 2374 1253; baseline 0.006 -11"><span class='ocrx_word' id='word_1_1085' title='bbox 1345 1212 1391 1242; x_wconf 84' lang='grc' dir='ltr'>Ιτ</span> <span class='ocrx_word' id='word_1_1086' title='bbox 1401 1223 1419 1243; x_wconf 80' lang='lat' dir='ltr'><strong>E</strong></span> <span class='ocrx_word' id='word_1_1087' title='bbox 1430 1221 1457 1243; x_wconf 86' lang='lat' dir='ltr'><strong>M</strong></span> <span class='ocrx_word' id='word_1_1088' title='bbox 1467 1235 1476 1251; x_wconf 95' lang='lat'>,</span> <span class='ocrx_word' id='word_1_1089' title='bbox 1491 1213 1550 1251; x_wconf 87' lang='lat' dir='ltr'>plus</span> <span class='ocrx_word' id='word_1_1090' title='bbox 1565 1213 1606 1244; x_wconf 88' lang='lat' dir='ltr'>est</span> <span class='ocrx_word' id='word_1_1091' title='bbox 1622 1213 1813 1252; x_wconf 85' lang='lat' dir='ltr'>Ordinatum,</span> <span class='ocrx_word' id='word_1_1092' title='bbox 1832 1213 1911 1252; x_wconf 81' lang='lat' dir='ltr'>quod</span> <span class='ocrx_word' id='word_1_1093' title='bbox 1927 1212 1946 1243; x_wconf 87' lang='lat' dir='ltr'>fi</span> <span class='ocrx_word' id='word_1_1094' title='bbox 1962 1213 2021 1249; x_wconf 86' lang='lat' dir='ltr'>quis</span> <span class='ocrx_word' id='word_1_1095' title='bbox 2034 1212 2156 1244; x_wconf 88' lang='lat' dir='ltr'>Partium</span> <span class='ocrx_word' id='word_1_1096' title='bbox 2174 1214 2374 1253; x_wconf 63' lang='lat' dir='ltr'>praedictarum</span> 
     </span>
     <span class='ocr_line' id='line_1_134' title="bbox 1309 1251 2375 1291; baseline 0.004 -10"><span class='ocrx_word' id='word_1_1097' title='bbox 1309 1251 1492 1282; x_wconf 88' lang='lat' dir='ltr'>vulneraverit</span> <span class='ocrx_word' id='word_1_1098' title='bbox 1504 1251 1628 1290; x_wconf 87' lang='lat' dir='ltr'>aliquem</span> <span class='ocrx_word' id='word_1_1099' title='bbox 1644 1254 1723 1290; x_wconf 83' lang='lat' dir='ltr'>partis</span> <span class='ocrx_word' id='word_1_1100' title='bbox 1736 1251 1857 1282; x_wconf 79' lang='lat' dir='ltr'>adversae</span> <span class='ocrx_word' id='word_1_1101' title='bbox 1872 1261 1940 1282; x_wconf 89' lang='lat' dir='ltr'>cum</span> <span class='ocrx_word' id='word_1_1102' title='bbox 1954 1251 2076 1290; x_wconf 87' lang='lat' dir='ltr'>Gladio,</span> <span class='ocrx_word' id='word_1_1103' title='bbox 2095 1252 2138 1281; x_wconf 92' lang='lat' dir='ltr'>vel</span> <span class='ocrx_word' id='word_1_1104' title='bbox 2154 1252 2241 1291; x_wconf 87' lang='lat' dir='ltr'>Ense,</span> <span class='ocrx_word' id='word_1_1105' title='bbox 2257 1254 2303 1286; x_wconf 88' lang='lat' dir='ltr'>seu</span> <span class='ocrx_word' id='word_1_1106' title='bbox 2318 1255 2375 1285; x_wconf 88' lang='lat' dir='ltr'>alio</span> 
     </span>
     <span class='ocr_line' id='line_1_135' title="bbox 1310 1290 2377 1330; baseline 0.004 -10"><span class='ocrx_word' id='word_1_1107' title='bbox 1310 1290 1402 1320; x_wconf 87' lang='lat' dir='ltr'>modo</span> <span class='ocrx_word' id='word_1_1108' title='bbox 1423 1300 1619 1330; x_wconf 90' lang='lat' dir='ltr'>quocumque,</span> <span class='ocrx_word' id='word_1_1109' title='bbox 1637 1291 1716 1330; x_wconf 72' lang='lat' dir='ltr'>quod</span> <span class='ocrx_word' id='word_1_1110' title='bbox 1739 1292 1896 1328; x_wconf 89' lang='lat' dir='ltr'>percutiens</span> <span class='ocrx_word' id='word_1_1111' title='bbox 1916 1299 2038 1320; x_wconf 88' lang='lat' dir='ltr'>teneatur</span> <span class='ocrx_word' id='word_1_1112' title='bbox 2060 1290 2167 1321; x_wconf 89' lang='lat' dir='ltr'>solvere</span> <span class='ocrx_word' id='word_1_1113' title='bbox 2181 1291 2234 1322; x_wconf 84' lang='lat' dir='ltr'>Tr&#39;</span> <span class='ocrx_word' id='word_1_1114' title='bbox 2256 1294 2311 1324; x_wconf 91' lang='lat' dir='ltr'>inta</span> <span class='ocrx_word' id='word_1_1115' title='bbox 2326 1294 2377 1324; x_wconf 83' lang='lat' dir='ltr'>Li·</span> 
     </span>
     <span class='ocr_line' id='line_1_136' title="bbox 1311 1328 2377 1367; baseline 0.004 -9"><span class='ocrx_word' id='word_1_1116' title='bbox 1311 1329 1375 1358; x_wconf 91' lang='lat' dir='ltr'>bras</span> <span class='ocrx_word' id='word_1_1117' title='bbox 1390 1328 1519 1360; x_wconf 84' lang='lat' dir='ltr'>Monetae</span> <span class='ocrx_word' id='word_1_1118' title='bbox 1535 1329 1676 1367; x_wconf 69' lang='lat' dir='ltr'>praedictae</span> <span class='ocrx_word' id='word_1_1119' title='bbox 1694 1329 1849 1366; x_wconf 86' lang='lat' dir='ltr'>(videlicet)</span> <span class='ocrx_word' id='word_1_1120' title='bbox 1872 1328 2059 1359; x_wconf 87' lang='lat' dir='ltr'>Medietatem</span> <span class='ocrx_word' id='word_1_1121' title='bbox 2076 1328 2211 1360; x_wconf 88' lang='lat' dir='ltr'>Domino</span> <span class='ocrx_word' id='word_1_1122' title='bbox 2225 1343 2227 1345; x_wconf 89' lang='grc'><em>·</em></span> <span class='ocrx_word' id='word_1_1123' title='bbox 2251 1333 2377 1362; x_wconf 83' lang='lat' dir='ltr'>xecutio-</span> 
     </span>
     <span class='ocr_line' id='line_1_137' title="bbox 1312 1366 2379 1406; baseline 0.002 -9"><span class='ocrx_word' id='word_1_1124' title='bbox 1312 1377 1378 1397; x_wconf 89' lang='lat' dir='ltr'>nem</span> <span class='ocrx_word' id='word_1_1125' title='bbox 1398 1367 1527 1406; x_wconf 79' lang='lat' dir='ltr'>facienti,</span> <span class='ocrx_word' id='word_1_1126' title='bbox 1547 1369 1578 1398; x_wconf 90' lang='lat'>&amp;</span> <span class='ocrx_word' id='word_1_1127' title='bbox 1593 1369 1673 1398; x_wconf 89' lang='lat' dir='ltr'>aliam</span> <span class='ocrx_word' id='word_1_1128' title='bbox 1695 1368 1879 1398; x_wconf 83' lang='lat' dir='ltr'>Medietatem</span> <span class='ocrx_word' id='word_1_1129' title='bbox 1901 1366 2132 1405; x_wconf 74' lang='lat' dir='ltr'>Danipnisicato,</span> <span class='ocrx_word' id='word_1_1130' title='bbox 2151 1367 2196 1398; x_wconf 90' lang='lat' dir='ltr'>seu</span> <span class='ocrx_word' id='word_1_1131' title='bbox 2209 1368 2379 1402; x_wconf 80' lang='lat' dir='ltr'>l-laeredibus</span> 
     </span>
     <span class='ocr_line' id='line_1_138' title="bbox 1312 1405 2377 1446; baseline 0.003 -10"><span class='ocrx_word' id='word_1_1132' title='bbox 1312 1405 1451 1445; x_wconf 75' lang='lat' dir='ltr'>ejusdem,</span> <span class='ocrx_word' id='word_1_1133' title='bbox 1469 1406 1523 1444; x_wconf 89' lang='lat' dir='ltr'>Et,</span> <span class='ocrx_word' id='word_1_1134' title='bbox 1543 1407 1562 1436; x_wconf 91' lang='lat' dir='ltr'>si</span> <span class='ocrx_word' id='word_1_1135' title='bbox 1579 1408 1638 1446; x_wconf 90' lang='lat' dir='ltr'>quis</span> <span class='ocrx_word' id='word_1_1136' title='bbox 1654 1407 1792 1438; x_wconf 61' lang='lat' dir='ltr'>dictarum</span> <span class='ocrx_word' id='word_1_1137' title='bbox 1809 1406 1935 1437; x_wconf 84' lang='lat' dir='ltr'>Partium</span> <span class='ocrx_word' id='word_1_1138' title='bbox 1951 1407 2014 1436; x_wconf 87' lang='lat' dir='ltr'>tales</span> <span class='ocrx_word' id='word_1_1139' title='bbox 2038 1405 2237 1437; x_wconf 70' lang='lat' dir='ltr'>Malefad‘cores</span> <span class='ocrx_word' id='word_1_1140' title='bbox 2252 1417 2377 1446; x_wconf 87' lang='lat' dir='ltr'>recepta-</span> 
     </span>
     <span class='ocr_line' id='line_1_139' title="bbox 1313 1445 2382 1484; baseline 0.004 -10"><span class='ocrx_word' id='word_1_1141' title='bbox 1313 1446 1406 1483; x_wconf 89' lang='lat' dir='ltr'>verit,</span> <span class='ocrx_word' id='word_1_1142' title='bbox 1424 1445 1573 1483; x_wconf 87' lang='lat' dir='ltr'>postquam</span> <span class='ocrx_word' id='word_1_1143' title='bbox 1596 1446 1736 1484; x_wconf 79' lang='lat' dir='ltr'>requisitus</span> <span class='ocrx_word' id='word_1_1144' title='bbox 1757 1446 1860 1484; x_wconf 84' lang='lat' dir='ltr'>fuerit,</span> <span class='ocrx_word' id='word_1_1145' title='bbox 1878 1446 1956 1483; x_wconf 82' lang='lat' dir='ltr'>quod</span> <span class='ocrx_word' id='word_1_1146' title='bbox 1978 1453 2102 1475; x_wconf 89' lang='lat' dir='ltr'>teneatur</span> <span class='ocrx_word' id='word_1_1147' title='bbox 2121 1445 2227 1475; x_wconf 88' lang='lat' dir='ltr'>solvere</span> <span class='ocrx_word' id='word_1_1148' title='bbox 2247 1445 2382 1484; x_wconf 86' lang='lat' dir='ltr'>Triginta</span> 
     </span>
     <span class='ocr_line' id='line_1_140' title="bbox 1313 1482 2381 1534; baseline 0.003 -21"><span class='ocrx_word' id='word_1_1149' title='bbox 1313 1483 1414 1514; x_wconf 91' lang='lat' dir='ltr'>Libras</span> <span class='ocrx_word' id='word_1_1150' title='bbox 1426 1483 1655 1522; x_wconf 84' lang='lat' dir='ltr'>Turonensium,</span> <span class='ocrx_word' id='word_1_1151' title='bbox 1674 1495 1739 1522; x_wconf 85' lang='lat' dir='ltr'>quas</span> <span class='ocrx_word' id='word_1_1152' title='bbox 1756 1484 1856 1514; x_wconf 87' lang='lat' dir='ltr'>volunt</span> <span class='ocrx_word' id='word_1_1153' title='bbox 1879 1482 1969 1513; x_wconf 91' lang='lat' dir='ltr'>dividi</span> <span class='ocrx_word' id='word_1_1154' title='bbox 1986 1483 2075 1513; x_wconf 91' lang='lat' dir='ltr'>modo</span> <span class='ocrx_word' id='word_1_1155' title='bbox 2095 1483 2215 1521; x_wconf 73' lang='lat' dir='ltr'>superius</span> <span class='ocrx_word' id='word_1_1156' title='bbox 2229 1493 2362 1516; x_wconf 89' lang='lat' dir='ltr'>annotato</span> <span class='ocrx_word' id='word_1_1157' title='bbox 2365 1498 2381 1534; x_wconf 53' lang='grc' dir='ltr'><strong>ἑ</strong></span> 
     </span>
     <span class='ocr_line' id='line_1_141' title="bbox 1313 1521 2379 1561; baseline 0.002 -7"><span class='ocrx_word' id='word_1_1158' title='bbox 1313 1524 1347 1554; x_wconf 85' lang='lat'>&amp;</span> <span class='ocrx_word' id='word_1_1159' title='bbox 1384 1531 1495 1560; x_wconf 87' lang='lat' dir='ltr'>propter</span> <span class='ocrx_word' id='word_1_1160' title='bbox 1512 1522 1592 1553; x_wconf 80' lang='lat' dir='ltr'>istam</span> <span class='ocrx_word' id='word_1_1161' title='bbox 1600 1522 1803 1561; x_wconf 77' lang='lat' dir='ltr'>Solutioriem,</span> <span class='ocrx_word' id='word_1_1162' title='bbox 1819 1522 1870 1553; x_wconf 85' lang='lat' dir='ltr'>iste</span> <span class='ocrx_word' id='word_1_1163' title='bbox 1884 1521 2051 1553; x_wconf 80' lang='lat' dir='ltr'>Vulnerator</span> <span class='ocrx_word' id='word_1_1164' title='bbox 2066 1521 2145 1553; x_wconf 83' lang='lat' dir='ltr'>nullu</span> <span class='ocrx_word' id='word_1_1165' title='bbox 2165 1522 2256 1554; x_wconf 88' lang='lat' dir='ltr'>modo</span> <span class='ocrx_word' id='word_1_1166' title='bbox 2270 1533 2286 1554; x_wconf 87' lang='lat' dir='ltr'>a</span> <span class='ocrx_word' id='word_1_1167' title='bbox 2300 1524 2379 1557; x_wconf 66' lang='lat' dir='ltr'>dieta</span> 
     </span>
     <span class='ocr_line' id='line_1_142' title="bbox 1315 1545 1626 1592; baseline -0.006 0"><span class='ocrx_word' id='word_1_1168' title='bbox 1315 1545 1464 1592; x_wconf 73' lang='lat' dir='ltr'>Solutione</span> <span class='ocrx_word' id='word_1_1169' title='bbox 1477 1561 1626 1591; x_wconf 82' lang='lat' dir='ltr'>excusetur.</span> 
     </span>
    </p>

    <p class='ocr_par' dir='ltr' id='par_1_24' title="bbox 1312 1598 2384 2178">
     <span class='ocr_line' id='line_1_143' title="bbox 1352 1598 2378 1640; baseline 0.002 -10"><span class='ocrx_word' id='word_1_1170' title='bbox 1352 1599 1424 1630; x_wconf 70' lang='lat' dir='ltr'>I‘riz</span> <span class='ocrx_word' id='word_1_1171' title='bbox 1436 1608 1463 1630; x_wconf 87' lang='grc' dir='ltr'>Μ</span> <span class='ocrx_word' id='word_1_1172' title='bbox 1472 1622 1481 1638; x_wconf 91' lang='grc'>,</span> <span class='ocrx_word' id='word_1_1173' title='bbox 1501 1600 1541 1630; x_wconf 86' lang='lat' dir='ltr'>est</span> <span class='ocrx_word' id='word_1_1174' title='bbox 1552 1599 1724 1630; x_wconf 81' lang='lat' dir='ltr'>Ordinatum</span> <span class='ocrx_word' id='word_1_1175' title='bbox 1734 1622 1743 1638; x_wconf 89' lang='lat'>,</span> <span class='ocrx_word' id='word_1_1176' title='bbox 1761 1599 1840 1639; x_wconf 73' lang='lat' dir='ltr'>quod</span> <span class='ocrx_word' id='word_1_1177' title='bbox 1857 1599 1877 1630; x_wconf 77' lang='lat' dir='ltr'>si</span> <span class='ocrx_word' id='word_1_1178' title='bbox 1897 1599 1956 1638; x_wconf 81' lang='lat' dir='ltr'>quis</span> <span class='ocrx_word' id='word_1_1179' title='bbox 1969 1598 2106 1630; x_wconf 70' lang='lat' dir='ltr'>dictarum</span> <span class='ocrx_word' id='word_1_1180' title='bbox 2121 1600 2242 1637; x_wconf 80' lang='lat' dir='ltr'>partium</span> <span class='ocrx_word' id='word_1_1181' title='bbox 2255 1601 2378 1640; x_wconf 86' lang='lat' dir='ltr'>aliquem</span> 
     </span>
     <span class='ocr_line' id='line_1_144' title="bbox 1317 1637 2381 1677; baseline 0.004 -9"><span class='ocrx_word' id='word_1_1182' title='bbox 1317 1639 1399 1676; x_wconf 89' lang='lat' dir='ltr'>partis</span> <span class='ocrx_word' id='word_1_1183' title='bbox 1413 1638 1531 1669; x_wconf 78' lang='lat' dir='ltr'>adverfie</span> <span class='ocrx_word' id='word_1_1184' title='bbox 1547 1648 1614 1668; x_wconf 90' lang='lat' dir='ltr'>cum</span> <span class='ocrx_word' id='word_1_1185' title='bbox 1628 1638 1719 1668; x_wconf 82' lang='lat' dir='ltr'>Manu</span> <span class='ocrx_word' id='word_1_1186' title='bbox 1736 1640 1901 1677; x_wconf 87' lang='lat' dir='ltr'>percuterit,</span> <span class='ocrx_word' id='word_1_1187' title='bbox 1921 1637 1964 1669; x_wconf 79' lang='lat' dir='ltr'>vel</span> <span class='ocrx_word' id='word_1_1188' title='bbox 1981 1648 2048 1668; x_wconf 91' lang='lat' dir='ltr'>cum</span> <span class='ocrx_word' id='word_1_1189' title='bbox 2064 1637 2170 1676; x_wconf 76' lang='lat' dir='ltr'>Palma,</span> <span class='ocrx_word' id='word_1_1190' title='bbox 2188 1638 2232 1669; x_wconf 89' lang='lat' dir='ltr'>seu</span> <span class='ocrx_word' id='word_1_1191' title='bbox 2244 1649 2310 1671; x_wconf 89' lang='lat' dir='ltr'>cum</span> <span class='ocrx_word' id='word_1_1192' title='bbox 2326 1640 2381 1672; x_wconf 78' lang='lat' dir='ltr'>Ba-</span> 
     </span>
     <span class='ocr_line' id='line_1_145' title="bbox 1317 1675 2380 1717; baseline 0.003 -10"><span class='ocrx_word' id='word_1_1193' title='bbox 1317 1677 1400 1714; x_wconf 88' lang='lat' dir='ltr'>culo,</span> <span class='ocrx_word' id='word_1_1194' title='bbox 1417 1677 1582 1707; x_wconf 78' lang='lat' dir='ltr'>dumtarnen</span> <span class='ocrx_word' id='word_1_1195' title='bbox 1606 1677 1711 1707; x_wconf 78' lang='lat' dir='ltr'>Vulnus</span> <span class='ocrx_word' id='word_1_1196' title='bbox 1730 1687 1765 1707; x_wconf 84' lang='lat' dir='ltr'>ex</span> <span class='ocrx_word' id='word_1_1197' title='bbox 1786 1677 1830 1708; x_wconf 80' lang='lat' dir='ltr'>tali</span> <span class='ocrx_word' id='word_1_1198' title='bbox 1854 1675 2027 1715; x_wconf 77' lang='lat' dir='ltr'>percussione</span> <span class='ocrx_word' id='word_1_1199' title='bbox 2048 1686 2112 1707; x_wconf 91' lang='lat' dir='ltr'>non·</span> <span class='ocrx_word' id='word_1_1200' title='bbox 2120 1685 2282 1717; x_wconf 83' lang='lat' dir='ltr'>generetur,</span> <span class='ocrx_word' id='word_1_1201' title='bbox 2300 1679 2380 1717; x_wconf 83' lang='lat' dir='ltr'>quod</span> 
     </span>
     <span class='ocr_line' id='line_1_146' title="bbox 1316 1714 2382 1755; baseline 0.002 -9"><span class='ocrx_word' id='word_1_1202' title='bbox 1316 1716 1373 1746; x_wconf 81' lang='lat' dir='ltr'>talis</span> <span class='ocrx_word' id='word_1_1203' title='bbox 1388 1715 1537 1746; x_wconf 81' lang='lat' dir='ltr'>Percussor</span> <span class='ocrx_word' id='word_1_1204' title='bbox 1552 1714 1666 1746; x_wconf 82' lang='lat' dir='ltr'>Decem</span> <span class='ocrx_word' id='word_1_1205' title='bbox 1685 1715 1782 1746; x_wconf 86' lang='lat' dir='ltr'>Libras</span> <span class='ocrx_word' id='word_1_1206' title='bbox 1795 1716 1881 1746; x_wconf 61' lang='lat' dir='ltr'>diust-ie</span> <span class='ocrx_word' id='word_1_1207' title='bbox 1895 1715 2044 1753; x_wconf 83' lang='lat' dir='ltr'>Monetae,</span> <span class='ocrx_word' id='word_1_1208' title='bbox 2062 1715 2111 1746; x_wconf 87' lang='lat' dir='ltr'>sub</span> <span class='ocrx_word' id='word_1_1209' title='bbox 2130 1716 2223 1754; x_wconf 64' lang='lat' dir='ltr'>forma</span> <span class='ocrx_word' id='word_1_1210' title='bbox 2245 1718 2382 1755; x_wconf 68' lang='lat' dir='ltr'>praediffli.</span> 
     </span>
     <span class='ocr_line' id='line_1_147' title="bbox 1317 1753 2382 1794; baseline 0.005 -11"><span class='ocrx_word' id='word_1_1211' title='bbox 1317 1754 1496 1791; x_wconf 67' lang='lat' dir='ltr'>dividendis,</span> <span class='ocrx_word' id='word_1_1212' title='bbox 1514 1754 1615 1794; x_wconf 76' lang='lat' dir='ltr'>solvat,</span> <span class='ocrx_word' id='word_1_1213' title='bbox 1631 1755 1747 1784; x_wconf 84' lang='lat' dir='ltr'>nomine</span> <span class='ocrx_word' id='word_1_1214' title='bbox 1770 1764 1883 1793; x_wconf 74' lang='lat' dir='ltr'>poenae,</span> <span class='ocrx_word' id='word_1_1215' title='bbox 1904 1754 2035 1792; x_wconf 67' lang='lat' dir='ltr'>indilate,</span> <span class='ocrx_word' id='word_1_1216' title='bbox 2053 1753 2107 1793; x_wconf 86' lang='lat' dir='ltr'>Et,</span> <span class='ocrx_word' id='word_1_1217' title='bbox 2127 1755 2147 1785; x_wconf 83' lang='lat' dir='ltr'>si</span> <span class='ocrx_word' id='word_1_1218' title='bbox 2167 1754 2279 1786; x_wconf 87' lang='lat' dir='ltr'>forsitan</span> <span class='ocrx_word' id='word_1_1219' title='bbox 2294 1756 2382 1788; x_wconf 63' lang='lat' dir='ltr'>dictas</span> 
     </span>
     <span class='ocr_line' id='line_1_148' title="bbox 1317 1792 2383 1833; baseline 0.004 -11"><span class='ocrx_word' id='word_1_1220' title='bbox 1317 1793 1430 1824; x_wconf 87' lang='lat' dir='ltr'>Decem</span> <span class='ocrx_word' id='word_1_1221' title='bbox 1447 1793 1546 1823; x_wconf 83' lang='lat' dir='ltr'>Libras</span> <span class='ocrx_word' id='word_1_1222' title='bbox 1560 1792 1665 1823; x_wconf 85' lang='lat' dir='ltr'>solvere</span> <span class='ocrx_word' id='word_1_1223' title='bbox 1680 1802 1736 1822; x_wconf 88' lang='lat' dir='ltr'>non</span> <span class='ocrx_word' id='word_1_1224' title='bbox 1752 1794 1873 1832; x_wconf 85' lang='lat' dir='ltr'>poterit,</span> <span class='ocrx_word' id='word_1_1225' title='bbox 1895 1793 1943 1823; x_wconf 81' lang='lat' dir='ltr'>vel</span> <span class='ocrx_word' id='word_1_1226' title='bbox 1962 1792 2094 1831; x_wconf 74' lang='lat' dir='ltr'>noluerit,</span> <span class='ocrx_word' id='word_1_1227' title='bbox 2111 1794 2189 1832; x_wconf 79' lang='lat' dir='ltr'>quod</span> <span class='ocrx_word' id='word_1_1228' title='bbox 2208 1794 2297 1825; x_wconf 86' lang='lat' dir='ltr'>nullus</span> <span class='ocrx_word' id='word_1_1229' title='bbox 2318 1805 2383 1833; x_wconf 87' lang='lat' dir='ltr'>par-</span> 
     </span>
     <span class='ocr_line' id='line_1_149' title="bbox 1317 1830 2381 1871; baseline 0.003 -10"><span class='ocrx_word' id='word_1_1230' title='bbox 1317 1833 1388 1862; x_wconf 89' lang='lat' dir='ltr'>tium</span> <span class='ocrx_word' id='word_1_1231' title='bbox 1404 1832 1602 1871; x_wconf 62' lang='lat' dir='ltr'>praedictarum</span> <span class='ocrx_word' id='word_1_1232' title='bbox 1617 1831 1699 1862; x_wconf 89' lang='lat' dir='ltr'>talem</span> <span class='ocrx_word' id='word_1_1233' title='bbox 1714 1830 1907 1862; x_wconf 76' lang='lat' dir='ltr'>percussorem</span> <span class='ocrx_word' id='word_1_1234' title='bbox 1922 1832 1953 1861; x_wconf 84' lang='lat' dir='ltr'>in</span> <span class='ocrx_word' id='word_1_1235' title='bbox 1967 1831 2051 1870; x_wconf 51' lang='lat' dir='ltr'>Navi¹</span> <span class='ocrx_word' id='word_1_1236' title='bbox 2063 1830 2125 1869; x_wconf 62' lang='lat' dir='ltr'>sua,</span> <span class='ocrx_word' id='word_1_1237' title='bbox 2140 1832 2188 1863; x_wconf 79' lang='lat' dir='ltr'>&#39;vel</span> <span class='ocrx_word' id='word_1_1238' title='bbox 2203 1831 2320 1871; x_wconf 90' lang='lat' dir='ltr'>Domo,</span> <span class='ocrx_word' id='word_1_1239' title='bbox 2334 1833 2381 1864; x_wconf 88' lang='lat' dir='ltr'>seu</span> 
     </span>
     <span class='ocr_line' id='line_1_150' title="bbox 1318 1868 2381 1912; baseline 0.004 -13"><span class='ocrx_word' id='word_1_1240' title='bbox 1318 1870 1405 1907; x_wconf 90' lang='lat' dir='ltr'>Vase,</span> <span class='ocrx_word' id='word_1_1241' title='bbox 1422 1871 1466 1901; x_wconf 86' lang='lat' dir='ltr'>vel</span> <span class='ocrx_word' id='word_1_1242' title='bbox 1483 1870 1567 1900; x_wconf 79' lang='lat' dir='ltr'>Locis</span> <span class='ocrx_word' id='word_1_1243' title='bbox 1581 1870 1715 1908; x_wconf 84' lang='lat' dir='ltr'>aliquibus</span> <span class='ocrx_word' id='word_1_1244' title='bbox 1729 1871 1863 1910; x_wconf 64' lang='lat' dir='ltr'>recipiat,</span> <span class='ocrx_word' id='word_1_1245' title='bbox 1879 1880 1932 1901; x_wconf 88' lang='lat' dir='ltr'>nec</span> <span class='ocrx_word' id='word_1_1246' title='bbox 1948 1870 1999 1900; x_wconf 91' lang='lat' dir='ltr'>sibi</span> <span class='ocrx_word' id='word_1_1247' title='bbox 2021 1868 2200 1908; x_wconf 85' lang='lat' dir='ltr'>Consilium,</span> <span class='ocrx_word' id='word_1_1248' title='bbox 2220 1871 2381 1912; x_wconf 83' lang='lat' dir='ltr'>Auxilium,</span> 
     </span>
     <span class='ocr_line' id='line_1_151' title="bbox 1316 1908 2381 1947; baseline 0.004 -9"><span class='ocrx_word' id='word_1_1249' title='bbox 1316 1909 1361 1939; x_wconf 88' lang='lat' dir='ltr'>vel</span> <span class='ocrx_word' id='word_1_1250' title='bbox 1378 1909 1515 1939; x_wconf 84' lang='lat' dir='ltr'>Favorem</span> <span class='ocrx_word' id='word_1_1251' title='bbox 1529 1909 1718 1947; x_wconf 87' lang='lat' dir='ltr'>impertiatur,</span> <span class='ocrx_word' id='word_1_1252' title='bbox 1737 1908 1756 1928; x_wconf 70' lang='lat'>²*</span> <span class='ocrx_word' id='word_1_1253' title='bbox 1771 1908 1810 1944; x_wconf 82' lang='lat' dir='ltr'>set</span> <span class='ocrx_word' id='word_1_1254' title='bbox 1821 1909 1857 1939; x_wconf 90' lang='lat' dir='ltr'>de</span> <span class='ocrx_word' id='word_1_1255' title='bbox 1869 1909 2006 1939; x_wconf 90' lang='lat' dir='ltr'>omnibus</span> <span class='ocrx_word' id='word_1_1256' title='bbox 2023 1908 2112 1939; x_wconf 78' lang='lat' dir='ltr'>Locis</span> <span class='ocrx_word' id='word_1_1257' title='bbox 2125 1910 2266 1947; x_wconf 71' lang='lat' dir='ltr'>praeditstis</span> <span class='ocrx_word' id='word_1_1258' title='bbox 2278 1920 2312 1941; x_wconf 85' lang='lat' dir='ltr'>ac</span> <span class='ocrx_word' id='word_1_1259' title='bbox 2328 1910 2381 1942; x_wconf 92' lang='lat' dir='ltr'>Ci-</span> 
     </span>
     <span class='ocr_line' id='line_1_152' title="bbox 1312 1946 2383 1986; baseline 0.003 -9"><span class='ocrx_word' id='word_1_1260' title='bbox 1312 1948 1445 1978; x_wconf 76' lang='lat' dir='ltr'>vitatibus</span> <span class='ocrx_word' id='word_1_1261' title='bbox 1458 1948 1487 1977; x_wconf 86' lang='lat' dir='ltr'>sit</span> <span class='ocrx_word' id='word_1_1262' title='bbox 1503 1947 1562 1984; x_wconf 69' lang='lat' dir='ltr'>ipfi)</span> <span class='ocrx_word' id='word_1_1263' title='bbox 1577 1947 1655 1977; x_wconf 54' lang='lat' dir='ltr'>§aito</span> <span class='ocrx_word' id='word_1_1264' title='bbox 1668 1946 1814 1985; x_wconf 80' lang='lat' dir='ltr'>Bannitus3</span> <span class='ocrx_word' id='word_1_1265' title='bbox 1832 1947 1884 1986; x_wconf 89' lang='lat' dir='ltr'>Et,</span> <span class='ocrx_word' id='word_1_1266' title='bbox 1900 1948 1917 1977; x_wconf 89' lang='lat' dir='ltr'>si</span> <span class='ocrx_word' id='word_1_1267' title='bbox 1932 1948 1993 1985; x_wconf 88' lang='lat' dir='ltr'>quis</span> <span class='ocrx_word' id='word_1_1268' title='bbox 2006 1947 2148 1978; x_wconf 66' lang='lat' dir='ltr'>dictarum</span> <span class='ocrx_word' id='word_1_1269' title='bbox 2163 1949 2284 1986; x_wconf 82' lang='lat' dir='ltr'>partium</span> <span class='ocrx_word' id='word_1_1270' title='bbox 2298 1950 2383 1981; x_wconf 83' lang='lat' dir='ltr'>talem</span> 
     </span>
     <span class='ocr_line' id='line_1_153' title="bbox 1320 1986 2383 2026; baseline 0.005 -11"><span class='ocrx_word' id='word_1_1271' title='bbox 1320 1986 1554 2024; x_wconf 65' lang='lat' dir='ltr'>malefactorem,</span> <span class='ocrx_word' id='word_1_1272' title='bbox 1570 1995 1669 2016; x_wconf 90' lang='lat' dir='ltr'>contra</span> <span class='ocrx_word' id='word_1_1273' title='bbox 1684 1986 1809 2016; x_wconf 90' lang='lat' dir='ltr'>formam</span> <span class='ocrx_word' id='word_1_1274' title='bbox 1826 1994 2025 2026; x_wconf 65' lang='lat' dir='ltr'>praenotatam,</span> <span class='ocrx_word' id='word_1_1275' title='bbox 2047 1988 2243 2025; x_wconf 84' lang='lat' dir='ltr'>receptaverit,</span> <span class='ocrx_word' id='word_1_1276' title='bbox 2265 1989 2383 2020; x_wconf 90' lang='lat' dir='ltr'>nomine</span> 
     </span>
     <span class='ocr_line' id='line_1_154' title="bbox 1318 2024 2382 2064; baseline 0.004 -10"><span class='ocrx_word' id='word_1_1277' title='bbox 1318 2024 1437 2064; x_wconf 75' lang='lat' dir='ltr'>Poenae,</span> <span class='ocrx_word' id='word_1_1278' title='bbox 1460 2024 1574 2055; x_wconf 83' lang='lat' dir='ltr'>Decem</span> <span class='ocrx_word' id='word_1_1279' title='bbox 1596 2024 1695 2055; x_wconf 86' lang='lat' dir='ltr'>Libras</span> <span class='ocrx_word' id='word_1_1280' title='bbox 1717 2025 1862 2062; x_wconf 63' lang='lat' dir='ltr'>praediCtae</span> <span class='ocrx_word' id='word_1_1281' title='bbox 1884 2024 2013 2055; x_wconf 68' lang='lat' dir='ltr'>Monetae</span> <span class='ocrx_word' id='word_1_1282' title='bbox 2035 2025 2139 2055; x_wconf 86' lang='lat' dir='ltr'>solvere</span> <span class='ocrx_word' id='word_1_1283' title='bbox 2154 2034 2294 2064; x_wconf 81' lang='lat' dir='ltr'>teneatur,</span> <span class='ocrx_word' id='word_1_1284' title='bbox 2308 2027 2382 2058; x_wconf 90' lang='lat' dir='ltr'>divi-</span> 
     </span>
     <span class='ocr_line' id='line_1_155' title="bbox 1319 2062 2384 2108; baseline 0.002 -14"><span class='ocrx_word' id='word_1_1285' title='bbox 1319 2064 1413 2094; x_wconf 90' lang='lat' dir='ltr'>dendo</span> <span class='ocrx_word' id='word_1_1286' title='bbox 1427 2064 1553 2102; x_wconf 77' lang='lat' dir='ltr'>easdem,</span> <span class='ocrx_word' id='word_1_1287' title='bbox 1572 2062 1721 2101; x_wconf 87' lang='lat' dir='ltr'>Domino,</span> <span class='ocrx_word' id='word_1_1288' title='bbox 1745 2072 1776 2094; x_wconf 85' lang='lat' dir='ltr'>ut</span> <span class='ocrx_word' id='word_1_1289' title='bbox 1799 2064 1994 2101; x_wconf 53' lang='lat' dir='ltr'>premittitur,</span> <span class='ocrx_word' id='word_1_1290' title='bbox 2014 2063 2047 2093; x_wconf 85' lang='lat'>&amp;</span> <span class='ocrx_word' id='word_1_1291' title='bbox 2064 2064 2145 2094; x_wconf 87' lang='lat' dir='ltr'>aliam</span> <span class='ocrx_word' id='word_1_1292' title='bbox 2166 2073 2276 2108; x_wconf 87' lang='lat' dir='ltr'>partem</span> <span class='ocrx_word' id='word_1_1293' title='bbox 2290 2064 2384 2096; x_wconf 90' lang='lat' dir='ltr'>Darn-</span> 
     </span>
     <span class='ocr_line' id='line_1_156' title="bbox 1318 2101 2384 2143; baseline 0.004 -12"><span class='ocrx_word' id='word_1_1294' title='bbox 1318 2102 1472 2140; x_wconf 79' lang='lat' dir='ltr'>pnificato,</span> <span class='ocrx_word' id='word_1_1295' title='bbox 1488 2102 1532 2132; x_wconf 82' lang='lat' dir='ltr'>seu</span> <span class='ocrx_word' id='word_1_1296' title='bbox 1554 2101 1719 2132; x_wconf 72' lang='lat' dir='ltr'>Haeredibus</span> <span class='ocrx_word' id='word_1_1297' title='bbox 1740 2101 1882 2141; x_wconf 85' lang='lat' dir='ltr'>ejusdem,</span> <span class='ocrx_word' id='word_1_1298' title='bbox 1905 2112 1922 2133; x_wconf 90' lang='lat' dir='ltr'>a</span> <span class='ocrx_word' id='word_1_1299' title='bbox 1937 2111 2064 2140; x_wconf 89' lang='lat' dir='ltr'>tempore</span> <span class='ocrx_word' id='word_1_1300' title='bbox 2080 2102 2234 2141; x_wconf 81' lang='lat' dir='ltr'>(videlicet)</span> <span class='ocrx_word' id='word_1_1301' title='bbox 2253 2102 2384 2143; x_wconf 78' lang='lat' dir='ltr'>Requisi-</span> 
     </span>
     <span class='ocr_line' id='line_1_157' title="bbox 1319 2141 1770 2178; baseline -0.002 -7"><span class='ocrx_word' id='word_1_1302' title='bbox 1319 2142 1402 2171; x_wconf 81' lang='lat' dir='ltr'>tionis</span> <span class='ocrx_word' id='word_1_1303' title='bbox 1419 2141 1468 2170; x_wconf 81' lang='lat' dir='ltr'>sibi</span> <span class='ocrx_word' id='word_1_1304' title='bbox 1482 2141 1610 2178; x_wconf 65' lang='lat' dir='ltr'>legitime</span> <span class='ocrx_word' id='word_1_1305' title='bbox 1628 2141 1770 2170; x_wconf 76' lang='lat' dir='ltr'>intimatae.</span> 
     </span>
    </p>
   </div>
   <div class='ocr_carea' id='block_1_14' title="bbox 1354 2177 2386 2218">
    <p class='ocr_par' dir='ltr' id='par_1_25' title="bbox 1354 2177 2386 2218">
     <span class='ocr_line' id='line_1_158' title="bbox 1354 2177 2386 2218; baseline 0.003 -9"><span class='ocrx_word' id='word_1_1306' title='bbox 1354 2179 1398 2209; x_wconf 79' lang='lat' dir='ltr'>IT</span> <span class='ocrx_word' id='word_1_1307' title='bbox 1410 2189 1426 2209; x_wconf 72' lang='lat' dir='ltr'>iz</span> <span class='ocrx_word' id='word_1_1308' title='bbox 1438 2188 1461 2209; x_wconf 77' lang='lat' dir='ltr'><strong>M</strong></span> <span class='ocrx_word' id='word_1_1309' title='bbox 1472 2201 1481 2216; x_wconf 94' lang='lat'>,</span> <span class='ocrx_word' id='word_1_1310' title='bbox 1501 2179 1552 2209; x_wconf 87' lang='lat' dir='ltr'>fuit</span> <span class='ocrx_word' id='word_1_1311' title='bbox 1567 2179 1735 2209; x_wconf 80' lang='lat' dir='ltr'>Ordinatum</span> <span class='ocrx_word' id='word_1_1312' title='bbox 1757 2188 1804 2216; x_wconf 79' lang='lat' dir='ltr'>per</span> <span class='ocrx_word' id='word_1_1313' title='bbox 1819 2177 2016 2209; x_wconf 86' lang='lat' dir='ltr'>Procuratores</span> <span class='ocrx_word' id='word_1_1314' title='bbox 2037 2178 2205 2218; x_wconf 59' lang='lat' dir='ltr'>praedictos,</span> <span class='ocrx_word' id='word_1_1315' title='bbox 2221 2180 2386 2213; x_wconf 79' lang='lat' dir='ltr'>nominibus</span> 
     </span>
    </p>
   </div>
   <div class='ocr_carea' id='block_1_15' title="bbox 2386 250 2522 283">
    <p class='ocr_par' dir='ltr' id='par_1_26' title="bbox 2386 250 2522 283">
     <span class='ocr_line' id='line_1_159' title="bbox 2386 250 2522 283; baseline 0 0"><span class='ocrx_word' id='word_1_1316' title='bbox 2386 250 2462 283; x_wconf 83' lang='lat' dir='ltr'>Ami.</span> <span class='ocrx_word' id='word_1_1317' title='bbox 2478 250 2522 283; x_wconf 88' lang='lat' dir='ltr'>D.</span> 
     </span>
    </p>
   </div>
   <div class='ocr_carea' id='block_1_16' title="bbox 2388 298 2504 367">
    <p class='ocr_par' dir='ltr' id='par_1_27' title="bbox 2388 298 2504 367">
     <span class='ocr_line' id='line_1_160' title="bbox 2388 298 2504 367; baseline 0.009 -9"><span class='ocrx_word' id='word_1_1318' title='bbox 2388 298 2504 367; x_wconf 59' lang='grc' dir='ltr'><em>Εὶὲἷξῑ</em></span> 
     </span>
    </p>
   </div>
   <div class='ocr_carea' id='block_1_17' title="bbox 2402 1910 2533 1948">
    <p class='ocr_par' dir='ltr' id='par_1_28' title="bbox 2402 1910 2533 1948">
     <span class='ocr_line' id='line_1_161' title="bbox 2402 1910 2533 1948; baseline 0 -10"><span class='ocrx_word' id='word_1_1319' title='bbox 2402 1910 2417 1928; x_wconf 78' lang='lat'>&#39;¹&#39;</span> <span class='ocrx_word' id='word_1_1320' title='bbox 2427 1912 2533 1948; x_wconf 80' lang='lat' dir='ltr'>V.770.</span> 
     </span>
    </p>
   </div>
   <div class='ocr_carea' id='block_1_18' title="bbox 1320 2216 2407 2261">
    <p class='ocr_par' dir='ltr' id='par_1_29' title="bbox 1320 2216 2407 2261">
     <span class='ocr_line' id='line_1_162' title="bbox 1320 2216 2407 2261; baseline 0.003 -13"><span class='ocrx_word' id='word_1_1321' title='bbox 1320 2219 1419 2256; x_wconf 83' lang='lat' dir='ltr'>quibus</span> <span class='ocrx_word' id='word_1_1322' title='bbox 1435 2218 1527 2256; x_wconf 86' lang='lat' dir='ltr'>supra,</span> <span class='ocrx_word' id='word_1_1323' title='bbox 1547 2217 1626 2254; x_wconf 65' lang='lat' dir='ltr'>quod</span> <span class='ocrx_word' id='word_1_1324' title='bbox 1640 2217 1773 2257; x_wconf 64' lang='lat' dir='ltr'>quaelibet</span> <span class='ocrx_word' id='word_1_1325' title='bbox 1794 2216 1874 2261; x_wconf 76' lang='lat' dir='ltr'>Pars,</span> <span class='ocrx_word' id='word_1_1326' title='bbox 1892 2216 1938 2247; x_wconf 89' lang='lat' dir='ltr'>isti</span> <span class='ocrx_word' id='word_1_1327' title='bbox 1958 2217 2043 2255; x_wconf 77' lang='lat' dir='ltr'>Paci,</span> <span class='ocrx_word' id='word_1_1328' title='bbox 2061 2218 2098 2248; x_wconf 88' lang='lat' dir='ltr'>sic</span> <span class='ocrx_word' id='word_1_1329' title='bbox 2119 2219 2295 2258; x_wconf 70' lang='lat' dir='ltr'>contractae,</span> <span class='ocrx_word' id='word_1_1330' title='bbox 2313 2230 2385 2251; x_wconf 88' lang='lat' dir='ltr'>coti-</span> <span class='ocrx_word' id='word_1_1331' title='bbox 2404 2222 2407 2224; x_wconf 83' lang='grc'><strong>’</strong></span> 
     </span>
    </p>
   </div>
   <div class='ocr_carea' id='block_1_19' title="bbox 1320 2255 2388 2449">
    <p class='ocr_par' dir='ltr' id='par_1_30' title="bbox 1320 2255 2388 2449">
     <span class='ocr_line' id='line_1_163' title="bbox 1320 2255 2385 2294; baseline 0.003 -8"><span class='ocrx_word' id='word_1_1332' title='bbox 1320 2257 1451 2294; x_wconf 76' lang='lat' dir='ltr'>sentiens,</span> <span class='ocrx_word' id='word_1_1333' title='bbox 1471 2257 1503 2287; x_wconf 72' lang='grc' dir='ltr'>δε</span> <span class='ocrx_word' id='word_1_1334' title='bbox 1526 2256 1638 2285; x_wconf 86' lang='lat' dir='ltr'>Partem</span> <span class='ocrx_word' id='word_1_1335' title='bbox 1659 2256 1684 2286; x_wconf 91' lang='lat' dir='ltr'>se</span> <span class='ocrx_word' id='word_1_1336' title='bbox 1707 2255 1829 2294; x_wconf 73' lang='lat' dir='ltr'>faciens,</span> <span class='ocrx_word' id='word_1_1337' title='bbox 1847 2264 1976 2292; x_wconf 78' lang='lat' dir='ltr'>impetret</span> <span class='ocrx_word' id='word_1_1338' title='bbox 1993 2256 2160 2287; x_wconf 85' lang='lat' dir='ltr'>&amp;teneatur</span> <span class='ocrx_word' id='word_1_1339' title='bbox 2182 2256 2284 2289; x_wconf 91' lang='lat' dir='ltr'>habere</span> <span class='ocrx_word' id='word_1_1340' title='bbox 2300 2257 2385 2290; x_wconf 92' lang='lat' dir='ltr'>Con-</span> 
     </span>
     <span class='ocr_line' id='line_1_164' title="bbox 1321 2293 2385 2337; baseline 0.004 -13"><span class='ocrx_word' id='word_1_1341' title='bbox 1321 2294 1511 2325; x_wconf 80' lang='lat' dir='ltr'>firmationem</span> <span class='ocrx_word' id='word_1_1342' title='bbox 1535 2295 1568 2324; x_wconf 64' lang='grc' dir='ltr'>ὃς</span> <span class='ocrx_word' id='word_1_1343' title='bbox 1586 2294 1709 2325; x_wconf 87' lang='lat' dir='ltr'>Literam</span> <span class='ocrx_word' id='word_1_1344' title='bbox 1729 2294 1850 2332; x_wconf 86' lang='lat' dir='ltr'>ejusdem</span> <span class='ocrx_word' id='word_1_1345' title='bbox 1874 2293 2105 2325; x_wconf 78' lang='lat' dir='ltr'>Confirmationis</span> <span class='ocrx_word' id='word_1_1346' title='bbox 2118 2306 2136 2326; x_wconf 60' lang='lat' dir='ltr'>a&gt;</span> <span class='ocrx_word' id='word_1_1347' title='bbox 2151 2294 2287 2327; x_wconf 90' lang='lat' dir='ltr'>Domino</span> <span class='ocrx_word' id='word_1_1348' title='bbox 2307 2297 2385 2337; x_wconf 85' lang='lat' dir='ltr'>loci,</span> 
     </span>
     <span class='ocr_line' id='line_1_165' title="bbox 1320 2332 2386 2374; baseline 0.004 -11"><span class='ocrx_word' id='word_1_1349' title='bbox 1320 2333 1369 2363; x_wconf 87' lang='lat' dir='ltr'>sub</span> <span class='ocrx_word' id='word_1_1350' title='bbox 1394 2344 1450 2371; x_wconf 88' lang='lat' dir='ltr'>quo</span> <span class='ocrx_word' id='word_1_1351' title='bbox 1471 2333 1510 2363; x_wconf 89' lang='lat' dir='ltr'>est</span> <span class='ocrx_word' id='word_1_1352' title='bbox 1534 2333 1682 2371; x_wconf 69' lang='lat' dir='ltr'>Subjectus</span> <span class='ocrx_word' id='word_1_1353' title='bbox 1700 2333 1851 2370; x_wconf 86' lang='lat' dir='ltr'>(videlicet)</span> <span class='ocrx_word' id='word_1_1354' title='bbox 1871 2333 1909 2362; x_wconf 88' lang='lat' dir='ltr'>illi</span> <span class='ocrx_word' id='word_1_1355' title='bbox 1930 2333 1966 2363; x_wconf 92' lang='lat' dir='ltr'>de</span> <span class='ocrx_word' id='word_1_1356' title='bbox 1984 2332 2088 2365; x_wconf 74' lang='lat' dir='ltr'>Baiona</span> <span class='ocrx_word' id='word_1_1357' title='bbox 2110 2343 2126 2363; x_wconf 91' lang='lat' dir='ltr'>a</span> <span class='ocrx_word' id='word_1_1358' title='bbox 2149 2333 2281 2365; x_wconf 89' lang='lat' dir='ltr'>Domino</span> <span class='ocrx_word' id='word_1_1359' title='bbox 2301 2335 2386 2374; x_wconf 87' lang='lat' dir='ltr'>Rege</span> 
     </span>
     <span class='ocr_line' id='line_1_166' title="bbox 1323 2370 2385 2442; baseline 0.003 -40"><span class='ocrx_word' id='word_1_1360' title='bbox 1323 2372 1454 2410; x_wconf 77' lang='lat' dir='ltr'>Angliae,</span> <span class='ocrx_word' id='word_1_1361' title='bbox 1470 2372 1504 2403; x_wconf 84' lang='lat'>&amp;</span> <span class='ocrx_word' id='word_1_1362' title='bbox 1520 2372 1557 2401; x_wconf 90' lang='lat' dir='ltr'>illi</span> <span class='ocrx_word' id='word_1_1363' title='bbox 1571 2371 1606 2401; x_wconf 90' lang='lat' dir='ltr'>de</span> <span class='ocrx_word' id='word_1_1364' title='bbox 1621 2371 1646 2401; x_wconf 91' lang='lat' dir='ltr'>la</span> <span class='ocrx_word' id='word_1_1365' title='bbox 1662 2370 1809 2410; x_wconf 88' lang='lat' dir='ltr'>Marisme,</span> <span class='ocrx_word' id='word_1_1366' title='bbox 1826 2381 1841 2400; x_wconf 88' lang='lat' dir='ltr'>a</span> <span class='ocrx_word' id='word_1_1367' title='bbox 1858 2370 1991 2415; x_wconf 79' lang='lat' dir='ltr'>Domino</span> <span class='ocrx_word' id='word_1_1368' title='bbox 2005 2371 2090 2409; x_wconf 85' lang='lat' dir='ltr'>Rege</span> <span class='ocrx_word' id='word_1_1369' title='bbox 2104 2371 2235 2403; x_wconf 82' lang='lat' dir='ltr'>Casteuae</span> <span class='ocrx_word' id='word_1_1370' title='bbox 2252 2373 2385 2442; x_wconf 53' lang='lat' dir='ltr'>fflicet)</span> 
     </span>
     <span class='ocr_line' id='line_1_167' title="bbox 1323 2408 2388 2449; baseline 0.002 -8"><span class='ocrx_word' id='word_1_1371' title='bbox 1323 2410 1401 2449; x_wconf 83' lang='lat' dir='ltr'>quod</span> <span class='ocrx_word' id='word_1_1372' title='bbox 1418 2421 1466 2448; x_wconf 86' lang='lat' dir='ltr'>per</span> <span class='ocrx_word' id='word_1_1373' title='bbox 1482 2410 1584 2440; x_wconf 87' lang='lat' dir='ltr'>Literas</span> <span class='ocrx_word' id='word_1_1374' title='bbox 1597 2409 1653 2440; x_wconf 89' lang='lat' dir='ltr'>suas</span> <span class='ocrx_word' id='word_1_1375' title='bbox 1661 2408 1892 2440; x_wconf 76' lang='lat' dir='ltr'>confirmatorias</span> <span class='ocrx_word' id='word_1_1376' title='bbox 1906 2409 2073 2448; x_wconf 63' lang='lat' dir='ltr'>praediCtam</span> <span class='ocrx_word' id='word_1_1377' title='bbox 2089 2409 2196 2441; x_wconf 88' lang='lat' dir='ltr'>Pacem</span> <span class='ocrx_word' id='word_1_1378' title='bbox 2209 2412 2244 2443; x_wconf 91' lang='lat'>&amp;</span> <span class='ocrx_word' id='word_1_1379' title='bbox 2271 2412 2281 2421; x_wconf 74' lang='grc'><em>“</em></span> <span class='ocrx_word' id='word_1_1380' title='bbox 2320 2422 2388 2443; x_wconf 83' lang='lat' dir='ltr'>cor-</span> 
     </span>
    </p>
   </div>
   <div class='ocr_carea' id='block_1_20' title="bbox 1324 2448 2428 2489">
    <p class='ocr_par' dir='ltr' id='par_1_31' title="bbox 1324 2448 2428 2489">
     <span class='ocr_line' id='line_1_168' title="bbox 1324 2448 2428 2489; baseline 0.003 -10"><span class='ocrx_word' id='word_1_1381' title='bbox 1324 2450 1400 2479; x_wconf 89' lang='lat' dir='ltr'>diam</span> <span class='ocrx_word' id='word_1_1382' title='bbox 1416 2449 1545 2487; x_wconf 84' lang='lat' dir='ltr'>laudent,</span> <span class='ocrx_word' id='word_1_1383' title='bbox 1562 2448 1716 2486; x_wconf 81' lang='lat' dir='ltr'>ratificent,</span> <span class='ocrx_word' id='word_1_1384' title='bbox 1735 2448 1768 2479; x_wconf 70' lang='grc' dir='ltr'>δε</span> <span class='ocrx_word' id='word_1_1385' title='bbox 1784 2449 1941 2486; x_wconf 80' lang='lat' dir='ltr'>approbent</span> <span class='ocrx_word' id='word_1_1386' title='bbox 1964 2449 2194 2488; x_wconf 80' lang='lat' dir='ltr'>imperpetuum,</span> <span class='ocrx_word' id='word_1_1387' title='bbox 2213 2457 2264 2487; x_wconf 85' lang='lat' dir='ltr'>pro</span> <span class='ocrx_word' id='word_1_1388' title='bbox 2285 2450 2336 2489; x_wconf 92' lang='lat' dir='ltr'>Se,</span> <span class='ocrx_word' id='word_1_1389' title='bbox 2353 2451 2387 2483; x_wconf 91' lang='lat'>&amp;</span> <span class='ocrx_word' id='word_1_1390' title='bbox 2425 2470 2428 2474; x_wconf 86' lang='lat'>·</span> 
     </span>
    </p>
   </div>
   <div class='ocr_carea' id='block_1_21' title="bbox 1325 2487 2393 3102">
    <p class='ocr_par' dir='ltr' id='par_1_32' title="bbox 1325 2487 2393 3065">
     <span class='ocr_line' id='line_1_169' title="bbox 1325 2487 2388 2526; baseline 0.002 -8"><span class='ocrx_word' id='word_1_1391' title='bbox 1325 2487 1535 2518; x_wconf 70' lang='lat' dir='ltr'>Successor-ibus</span> <span class='ocrx_word' id='word_1_1392' title='bbox 1550 2487 1789 2526; x_wconf 79' lang='lat' dir='ltr'>quibuscumque,</span> <span class='ocrx_word' id='word_1_1393' title='bbox 1807 2488 1912 2517; x_wconf 79' lang='lat' dir='ltr'>&amp;hoc</span> <span class='ocrx_word' id='word_1_1394' title='bbox 1928 2487 1998 2517; x_wconf 89' lang='lat' dir='ltr'>infra</span> <span class='ocrx_word' id='word_1_1395' title='bbox 2016 2487 2128 2517; x_wconf 82' lang='lat' dir='ltr'>Festum</span> <span class='ocrx_word' id='word_1_1396' title='bbox 2142 2489 2307 2524; x_wconf 77' lang='lat' dir='ltr'>proximum</span> <span class='ocrx_word' id='word_1_1397' title='bbox 2322 2491 2388 2520; x_wconf 89' lang='lat' dir='ltr'>bea-</span> 
     </span>
     <span class='ocr_line' id='line_1_170' title="bbox 1325 2525 2388 2565; baseline 0.003 -9"><span class='ocrx_word' id='word_1_1398' title='bbox 1325 2535 1361 2556; x_wconf 73' lang='lat' dir='ltr'>tae</span> <span class='ocrx_word' id='word_1_1399' title='bbox 1378 2525 1497 2564; x_wconf 64' lang='lat' dir='ltr'>Mariie,</span> <span class='ocrx_word' id='word_1_1400' title='bbox 1512 2527 1570 2564; x_wconf 89' lang='lat' dir='ltr'>jam</span> <span class='ocrx_word' id='word_1_1401' title='bbox 1585 2525 1714 2563; x_wconf 86' lang='lat' dir='ltr'>sequens,</span> <span class='ocrx_word' id='word_1_1402' title='bbox 1731 2525 1766 2555; x_wconf 85' lang='lat' dir='ltr'>de</span> <span class='ocrx_word' id='word_1_1403' title='bbox 1788 2525 1937 2565; x_wconf 64' lang='lat' dir='ltr'>Augusto,</span> <span class='ocrx_word' id='word_1_1404' title='bbox 1954 2526 1987 2556; x_wconf 92' lang='lat'>&amp;</span> <span class='ocrx_word' id='word_1_1405' title='bbox 2002 2525 2330 2563; x_wconf 67' lang='lat' dir='ltr'>ibidemProcuratorec</span> <span class='ocrx_word' id='word_1_1406' title='bbox 2344 2528 2388 2558; x_wconf 91' lang='lat' dir='ltr'>di-</span> 
     </span>
     <span class='ocr_line' id='line_1_171' title="bbox 1327 2563 2388 2604; baseline 0.004 -10"><span class='ocrx_word' id='word_1_1407' title='bbox 1327 2565 1434 2594; x_wconf 69' lang='lat' dir='ltr'>&amp;arum</span> <span class='ocrx_word' id='word_1_1408' title='bbox 1452 2563 1596 2602; x_wconf 75' lang='lat' dir='ltr'>Patrium,</span> <span class='ocrx_word' id='word_1_1409' title='bbox 1614 2565 1647 2594; x_wconf 72' lang='grc' dir='ltr'>ὃ(</span> <span class='ocrx_word' id='word_1_1410' title='bbox 1670 2563 1785 2602; x_wconf 89' lang='lat' dir='ltr'>quilibet</span> <span class='ocrx_word' id='word_1_1411' title='bbox 1801 2574 1851 2601; x_wconf 87' lang='lat' dir='ltr'>pro</span> <span class='ocrx_word' id='word_1_1412' title='bbox 1870 2564 1914 2603; x_wconf 89' lang='lat' dir='ltr'>se,</span> <span class='ocrx_word' id='word_1_1413' title='bbox 1932 2573 2077 2604; x_wconf 83' lang='lat' dir='ltr'>acceptare</span> <span class='ocrx_word' id='word_1_1414' title='bbox 2092 2564 2264 2595; x_wconf 87' lang='lat' dir='ltr'>Fidelitatem</span> <span class='ocrx_word' id='word_1_1415' title='bbox 2278 2567 2312 2597; x_wconf 90' lang='lat'>&amp;</span> <span class='ocrx_word' id='word_1_1416' title='bbox 2332 2566 2388 2598; x_wconf 89' lang='lat' dir='ltr'>Le-</span> 
     </span>
     <span class='ocr_line' id='line_1_172' title="bbox 1326 2602 2388 2643; baseline 0.004 -11"><span class='ocrx_word' id='word_1_1417' title='bbox 1326 2603 1467 2639; x_wconf 82' lang='lat' dir='ltr'>galitatem</span> <span class='ocrx_word' id='word_1_1418' title='bbox 1485 2602 1610 2633; x_wconf 88' lang='lat' dir='ltr'>Domini</span> <span class='ocrx_word' id='word_1_1419' title='bbox 1626 2602 1663 2632; x_wconf 92' lang='lat' dir='ltr'>sui</span> <span class='ocrx_word' id='word_1_1420' title='bbox 1679 2603 1835 2638; x_wconf 87' lang='lat' dir='ltr'>Naturalis,·</span> <span class='ocrx_word' id='word_1_1421' title='bbox 1855 2603 1904 2639; x_wconf 82' lang='lat'>&amp;,</span> <span class='ocrx_word' id='word_1_1422' title='bbox 1922 2603 1940 2634; x_wconf 84' lang='lat' dir='ltr'>si</span> <span class='ocrx_word' id='word_1_1423' title='bbox 1956 2602 2067 2633; x_wconf 80' lang='lat' dir='ltr'>forsitan</span> <span class='ocrx_word' id='word_1_1424' title='bbox 2088 2603 2175 2640; x_wconf 81' lang='lat' dir='ltr'>(quod</span> <span class='ocrx_word' id='word_1_1425' title='bbox 2191 2603 2269 2641; x_wconf 88' lang='lat' dir='ltr'>absit)</span> <span class='ocrx_word' id='word_1_1426' title='bbox 2290 2605 2388 2643; x_wconf 85' lang='lat' dir='ltr'>aliquis</span> 
     </span>
     <span class='ocr_line' id='line_1_173' title="bbox 1325 2640 2389 2680; baseline 0.003 -9"><span class='ocrx_word' id='word_1_1427' title='bbox 1325 2642 1468 2672; x_wconf 64' lang='lat' dir='ltr'>dictorum</span> <span class='ocrx_word' id='word_1_1428' title='bbox 1485 2640 1699 2678; x_wconf 88' lang='lat' dir='ltr'>Dominorum,</span> <span class='ocrx_word' id='word_1_1429' title='bbox 1717 2640 1809 2678; x_wconf 82' lang='lat' dir='ltr'>Regis</span> <span class='ocrx_word' id='word_1_1430' title='bbox 1826 2641 1938 2677; x_wconf 75' lang='lat' dir='ltr'>Angliae</span> <span class='ocrx_word' id='word_1_1431' title='bbox 1953 2641 1998 2672; x_wconf 90' lang='lat' dir='ltr'>seu</span> <span class='ocrx_word' id='word_1_1432' title='bbox 2014 2640 2161 2680; x_wconf 80' lang='lat' dir='ltr'>Casteilae,</span> <span class='ocrx_word' id='word_1_1433' title='bbox 2179 2642 2277 2679; x_wconf 86' lang='lat' dir='ltr'>quibus</span> <span class='ocrx_word' id='word_1_1434' title='bbox 2296 2642 2389 2674; x_wconf 89' lang='lat' dir='ltr'>Partes</span> 
     </span>
     <span class='ocr_line' id='line_1_174' title="bbox 1327 2678 2391 2718; baseline 0.004 -9"><span class='ocrx_word' id='word_1_1435' title='bbox 1327 2679 1471 2717; x_wconf 64' lang='lat' dir='ltr'>praedtetae</span> <span class='ocrx_word' id='word_1_1436' title='bbox 1494 2679 1555 2709; x_wconf 87' lang='lat' dir='ltr'>sunt</span> <span class='ocrx_word' id='word_1_1437' title='bbox 1576 2679 1721 2718; x_wconf 60' lang='lat' dir='ltr'>subjectae,</span> <span class='ocrx_word' id='word_1_1438' title='bbox 1738 2688 1836 2709; x_wconf 89' lang='lat' dir='ltr'>contra</span> <span class='ocrx_word' id='word_1_1439' title='bbox 1857 2678 1960 2710; x_wconf 85' lang='lat' dir='ltr'>Pacem</span> <span class='ocrx_word' id='word_1_1440' title='bbox 1975 2679 2142 2717; x_wconf 69' lang='lat' dir='ltr'>praedictam</span> <span class='ocrx_word' id='word_1_1441' title='bbox 2161 2687 2322 2717; x_wconf 85' lang='lat' dir='ltr'>attemptare</span> <span class='ocrx_word' id='word_1_1442' title='bbox 2337 2692 2391 2712; x_wconf 82' lang='lat' dir='ltr'>vo·</span> 
     </span>
     <span class='ocr_line' id='line_1_175' title="bbox 1326 2717 2391 2758; baseline 0.002 -10"><span class='ocrx_word' id='word_1_1443' title='bbox 1326 2719 1422 2758; x_wconf 82' lang='lat' dir='ltr'>luerit,</span> <span class='ocrx_word' id='word_1_1444' title='bbox 1442 2717 1520 2757; x_wconf 77' lang='lat' dir='ltr'>quod</span> <span class='ocrx_word' id='word_1_1445' title='bbox 1538 2717 1619 2755; x_wconf 81' lang='lat' dir='ltr'>Pars,</span> <span class='ocrx_word' id='word_1_1446' title='bbox 1636 2727 1698 2755; x_wconf 79' lang='lat' dir='ltr'>quae</span> <span class='ocrx_word' id='word_1_1447' title='bbox 1712 2718 1808 2755; x_wconf 81' lang='lat' dir='ltr'>primo</span> <span class='ocrx_word' id='word_1_1448' title='bbox 1824 2717 1902 2756; x_wconf 86' lang='lat' dir='ltr'>super</span> <span class='ocrx_word' id='word_1_1449' title='bbox 1917 2718 1973 2748; x_wconf 91' lang='lat' dir='ltr'>hoc</span> <span class='ocrx_word' id='word_1_1450' title='bbox 1989 2728 2004 2748; x_wconf 90' lang='lat' dir='ltr'>a</span> <span class='ocrx_word' id='word_1_1451' title='bbox 2020 2717 2156 2748; x_wconf 88' lang='lat' dir='ltr'>Domino</span> <span class='ocrx_word' id='word_1_1452' title='bbox 2169 2717 2218 2748; x_wconf 92' lang='lat' dir='ltr'>suo</span> <span class='ocrx_word' id='word_1_1453' title='bbox 2232 2718 2314 2750; x_wconf 88' lang='lat' dir='ltr'>fuerit</span> <span class='ocrx_word' id='word_1_1454' title='bbox 2328 2730 2391 2750; x_wconf 89' lang='lat' dir='ltr'>cer-</span> 
     </span>
     <span class='ocr_line' id='line_1_176' title="bbox 1326 2755 2391 2796; baseline 0.002 -9"><span class='ocrx_word' id='word_1_1455' title='bbox 1326 2756 1445 2796; x_wconf 79' lang='lat' dir='ltr'>tificata,</span> <span class='ocrx_word' id='word_1_1456' title='bbox 1463 2757 1537 2786; x_wconf 85' lang='lat' dir='ltr'>alteri</span> <span class='ocrx_word' id='word_1_1457' title='bbox 1551 2755 1625 2786; x_wconf 80' lang='lat' dir='ltr'>Parti</span> <span class='ocrx_word' id='word_1_1458' title='bbox 1639 2755 1913 2786; x_wconf 77' lang='lat' dir='ltr'>teneaturnotificare</span> <span class='ocrx_word' id='word_1_1459' title='bbox 1935 2756 2086 2794; x_wconf 88' lang='lat' dir='ltr'>(videlicet)</span> <span class='ocrx_word' id='word_1_1460' title='bbox 2107 2765 2153 2794; x_wconf 90' lang='lat' dir='ltr'>ut,</span> <span class='ocrx_word' id='word_1_1461' title='bbox 2172 2758 2311 2794; x_wconf 80' lang='lat' dir='ltr'>pertalem</span> <span class='ocrx_word' id='word_1_1462' title='bbox 2321 2758 2391 2789; x_wconf 92' lang='lat' dir='ltr'>No-</span> 
     </span>
     <span class='ocr_line' id='line_1_177' title="bbox 1325 2793 2390 2833; baseline 0.001 -7"><span class='ocrx_word' id='word_1_1463' title='bbox 1325 2795 1507 2826; x_wconf 83' lang='lat' dir='ltr'>tisicationem</span> <span class='ocrx_word' id='word_1_1464' title='bbox 1525 2793 1589 2824; x_wconf 80' lang='lat' dir='ltr'>Pars</span> <span class='ocrx_word' id='word_1_1465' title='bbox 1604 2794 1653 2824; x_wconf 86' lang='lat' dir='ltr'>alia</span> <span class='ocrx_word' id='word_1_1466' title='bbox 1667 2793 1817 2825; x_wconf 75' lang='lat' dir='ltr'>certificata</span> <span class='ocrx_word' id='word_1_1467' title='bbox 1827 2817 1836 2833; x_wconf 95' lang='lat'>,</span> <span class='ocrx_word' id='word_1_1468' title='bbox 1856 2795 1939 2833; x_wconf 81' lang='lat' dir='ltr'>possit</span> <span class='ocrx_word' id='word_1_1469' title='bbox 1956 2794 2048 2826; x_wconf 79' lang='lat' dir='ltr'>secure</span> <span class='ocrx_word' id='word_1_1470' title='bbox 2064 2795 2166 2833; x_wconf 86' lang='lat' dir='ltr'>facere,</span> <span class='ocrx_word' id='word_1_1471' title='bbox 2184 2795 2218 2826; x_wconf 90' lang='lat'>&amp;</span> <span class='ocrx_word' id='word_1_1472' title='bbox 2233 2796 2390 2827; x_wconf 84' lang='lat' dir='ltr'>sineDam-</span> 
     </span>
     <span class='ocr_line' id='line_1_178' title="bbox 1327 2832 2390 2873; baseline 0.001 -9"><span class='ocrx_word' id='word_1_1473' title='bbox 1327 2844 1386 2872; x_wconf 84' lang='lat' dir='ltr'>pno</span> <span class='ocrx_word' id='word_1_1474' title='bbox 1400 2835 1428 2864; x_wconf 85' lang='lat' dir='ltr'>iri</span> <span class='ocrx_word' id='word_1_1475' title='bbox 1448 2833 1575 2871; x_wconf 81' lang='lat' dir='ltr'>Mari,&amp;</span> <span class='ocrx_word' id='word_1_1476' title='bbox 1590 2841 1664 2863; x_wconf 76' lang='lat' dir='ltr'>extra</span> <span class='ocrx_word' id='word_1_1477' title='bbox 1677 2833 1707 2862; x_wconf 89' lang='lat' dir='ltr'>in</span> <span class='ocrx_word' id='word_1_1478' title='bbox 1722 2832 1813 2863; x_wconf 78' lang='lat' dir='ltr'>Terra</span> <span class='ocrx_word' id='word_1_1479' title='bbox 1827 2835 1911 2864; x_wconf 83' lang='lat' dir='ltr'>etiam</span> <span class='ocrx_word' id='word_1_1480' title='bbox 1925 2833 2038 2864; x_wconf 89' lang='lat' dir='ltr'>existere</span> <span class='ocrx_word' id='word_1_1481' title='bbox 2053 2833 2110 2864; x_wconf 89' lang='lat' dir='ltr'>sine</span> <span class='ocrx_word' id='word_1_1482' title='bbox 2123 2833 2273 2873; x_wconf 84' lang='lat' dir='ltr'>Dampno,</span> <span class='ocrx_word' id='word_1_1483' title='bbox 2291 2835 2390 2866; x_wconf 88' lang='lat' dir='ltr'>&amp;Bo-</span> 
     </span>
     <span class='ocr_line' id='line_1_179' title="bbox 1327 2871 2390 2909; baseline 0.003 -7"><span class='ocrx_word' id='word_1_1484' title='bbox 1327 2882 1430 2902; x_wconf 89' lang='lat' dir='ltr'>norum</span> <span class='ocrx_word' id='word_1_1485' title='bbox 1443 2872 1555 2903; x_wconf 86' lang='lat' dir='ltr'>suorutn</span> <span class='ocrx_word' id='word_1_1486' title='bbox 1570 2871 1731 2909; x_wconf 86' lang='lat' dir='ltr'>amiffione,</span> <span class='ocrx_word' id='word_1_1487' title='bbox 1749 2872 1782 2902; x_wconf 72' lang='grc' dir='ltr'>δε</span> <span class='ocrx_word' id='word_1_1488' title='bbox 1798 2871 1833 2902; x_wconf 92' lang='lat' dir='ltr'>de</span> <span class='ocrx_word' id='word_1_1489' title='bbox 1847 2871 1940 2903; x_wconf 70' lang='lat' dir='ltr'>Terra</span> <span class='ocrx_word' id='word_1_1490' title='bbox 1961 2871 2067 2903; x_wconf 86' lang='lat' dir='ltr'>alterius</span> <span class='ocrx_word' id='word_1_1491' title='bbox 2084 2871 2208 2902; x_wconf 89' lang='lat' dir='ltr'>Domini</span> <span class='ocrx_word' id='word_1_1492' title='bbox 2229 2883 2298 2904; x_wconf 90' lang='lat' dir='ltr'>cum</span> <span class='ocrx_word' id='word_1_1493' title='bbox 2313 2873 2390 2905; x_wconf 92' lang='lat' dir='ltr'>Cor-</span> 
     </span>
     <span class='ocr_line' id='line_1_180' title="bbox 1327 2909 2390 2951; baseline 0.003 -11"><span class='ocrx_word' id='word_1_1494' title='bbox 1327 2912 1460 2948; x_wconf 79' lang='lat' dir='ltr'>poribus,</span> <span class='ocrx_word' id='word_1_1495' title='bbox 1479 2910 1624 2948; x_wconf 80' lang='lat' dir='ltr'>Navibus,</span> <span class='ocrx_word' id='word_1_1496' title='bbox 1643 2909 1735 2948; x_wconf 68' lang='lat' dir='ltr'>Varis,</span> <span class='ocrx_word' id='word_1_1497' title='bbox 1751 2911 1784 2940; x_wconf 85' lang='lat'>&amp;</span> <span class='ocrx_word' id='word_1_1498' title='bbox 1803 2910 1971 2941; x_wconf 81' lang='lat' dir='ltr'>Mercaturis</span> <span class='ocrx_word' id='word_1_1499' title='bbox 1988 2910 2055 2947; x_wconf 84' lang='lat' dir='ltr'>suis,</span> <span class='ocrx_word' id='word_1_1500' title='bbox 2074 2919 2126 2947; x_wconf 90' lang='lat' dir='ltr'>pro</span> <span class='ocrx_word' id='word_1_1501' title='bbox 2146 2911 2224 2940; x_wconf 91' lang='lat' dir='ltr'>bono</span> <span class='ocrx_word' id='word_1_1502' title='bbox 2243 2919 2390 2951; x_wconf 89' lang='lat' dir='ltr'>tempore,</span> 
     </span>
     <span class='ocr_line' id='line_1_181' title="bbox 1331 2947 2392 2986; baseline 0.002 -7"><span class='ocrx_word' id='word_1_1503' title='bbox 1331 2950 1405 2979; x_wconf 86' lang='lat' dir='ltr'>exire</span> <span class='ocrx_word' id='word_1_1504' title='bbox 1425 2950 1479 2979; x_wconf 85' lang='lat' dir='ltr'>sine</span> <span class='ocrx_word' id='word_1_1505' title='bbox 1498 2947 1722 2986; x_wconf 75' lang='lat' dir='ltr'>impedimento,</span> <span class='ocrx_word' id='word_1_1506' title='bbox 1739 2950 1773 2980; x_wconf 75' lang='grc' dir='ltr'>ὃ(</span> <span class='ocrx_word' id='word_1_1507' title='bbox 1793 2948 1861 2986; x_wconf 86' lang='lat' dir='ltr'>hoc,</span> <span class='ocrx_word' id='word_1_1508' title='bbox 1877 2959 1892 2979; x_wconf 87' lang='lat' dir='ltr'>a</span> <span class='ocrx_word' id='word_1_1509' title='bbox 1905 2949 1951 2979; x_wconf 88' lang='lat' dir='ltr'>die</span> <span class='ocrx_word' id='word_1_1510' title='bbox 1967 2947 2176 2978; x_wconf 85' lang='lat' dir='ltr'>Notificationis</span> <span class='ocrx_word' id='word_1_1511' title='bbox 2194 2948 2277 2980; x_wconf 70' lang='lat' dir='ltr'>faetae</span> <span class='ocrx_word' id='word_1_1512' title='bbox 2295 2950 2392 2981; x_wconf 90' lang='lat' dir='ltr'>eidem</span> 
     </span>
     <span class='ocr_line' id='line_1_182' title="bbox 1328 2985 2393 3026; baseline 0.003 -9"><span class='ocrx_word' id='word_1_1513' title='bbox 1328 2986 1419 3025; x_wconf 85' lang='lat' dir='ltr'>Parti,</span> <span class='ocrx_word' id='word_1_1514' title='bbox 1446 2987 1531 3026; x_wconf 86' lang='lat' dir='ltr'>usque</span> <span class='ocrx_word' id='word_1_1515' title='bbox 1556 2987 1590 3018; x_wconf 89' lang='lat' dir='ltr'>ad</span> <span class='ocrx_word' id='word_1_1516' title='bbox 1616 2987 1673 3017; x_wconf 87' lang='lat' dir='ltr'>dies</span> <span class='ocrx_word' id='word_1_1517' title='bbox 1690 2987 1899 3025; x_wconf 82' lang='lat' dir='ltr'>Qadraginta,</span> <span class='ocrx_word' id='word_1_1518' title='bbox 1919 2986 2088 3017; x_wconf 76' lang='lat' dir='ltr'>immediate</span> <span class='ocrx_word' id='word_1_1519' title='bbox 2112 2985 2254 3025; x_wconf 64' lang='lat' dir='ltr'>sequentes</span> <span class='ocrx_word' id='word_1_1520' title='bbox 2270 2987 2393 3026; x_wconf 76' lang='lat' dir='ltr'>plenarie</span> 
     </span>
     <span class='ocr_line' id='line_1_183' title="bbox 1329 3027 1504 3065; baseline -0.006 -8"><span class='ocrx_word' id='word_1_1521' title='bbox 1329 3027 1504 3065; x_wconf 83' lang='lat' dir='ltr'>completos,</span> 
     </span>
    </p>

    <p class='ocr_par' dir='ltr' id='par_1_33' title="bbox 1366 3061 2099 3102">
     <span class='ocr_line' id='line_1_184' title="bbox 1366 3061 2099 3102; baseline -0.004 -7"><span class='ocrx_word' id='word_1_1522' title='bbox 1366 3064 1438 3095; x_wconf 76' lang='grc' dir='ltr'>ΙΤΕ</span> <span class='ocrx_word' id='word_1_1523' title='bbox 1449 3072 1494 3102; x_wconf 88' lang='lat' dir='ltr'>M,</span> <span class='ocrx_word' id='word_1_1524' title='bbox 1532 3063 1572 3094; x_wconf 87' lang='lat' dir='ltr'>lus</span> <span class='ocrx_word' id='word_1_1525' title='bbox 1586 3062 1626 3094; x_wconf 88' lang='lat' dir='ltr'>est</span> <span class='ocrx_word' id='word_1_1526' title='bbox 1641 3062 1811 3093; x_wconf 84' lang='lat' dir='ltr'>Ordinatum</span> <span class='ocrx_word' id='word_1_1527' title='bbox 1831 3073 1878 3100; x_wconf 85' lang='lat' dir='ltr'>per</span> <span class='ocrx_word' id='word_1_1528' title='bbox 1900 3061 2099 3093; x_wconf 67' lang='lat' dir='ltr'>Procuratores</span> 
     </span>
    </p>
   </div>
   <div class='ocr_carea' id='block_1_22' title="bbox 1329 3063 2392 3141">
    <p class='ocr_par' dir='ltr' id='par_1_34' title="bbox 1329 3063 2392 3141">
     <span class='ocr_line' id='line_1_185' title="bbox 1329 3063 2392 3141; baseline 0.007 -50"><span class='ocrx_word' id='word_1_1529' title='bbox 1329 3103 1397 3134; x_wconf 53' lang='lat' dir='ltr'>edm</span> <span class='ocrx_word' id='word_1_1530' title='bbox 1411 3103 1493 3141; x_wconf 66' lang='lat' dir='ltr'>aliqUi</span> <span class='ocrx_word' id='word_1_1531' title='bbox 2141 3063 2289 3104; x_wconf 67' lang='lat' dir='ltr'>raedictos,</span> <span class='ocrx_word' id='word_1_1532' title='bbox 2310 3065 2392 3103; x_wconf 73' lang='lat' dir='ltr'>quod</span> 
     </span>
    </p>
   </div>
   <div class='ocr_carea' id='block_1_23' title="bbox 1329 3100 2403 4098">
    <p class='ocr_par' dir='ltr' id='par_1_35' title="bbox 1330 3100 2392 3181">
     <span class='ocr_line' id='line_1_186' title="bbox 1536 3100 2392 3139; baseline 0.004 -7"><span class='ocrx_word' id='word_1_1533' title='bbox 1536 3102 1583 3132; x_wconf 91' lang='lat' dir='ltr'>oci</span> <span class='ocrx_word' id='word_1_1534' title='bbox 1598 3101 1633 3131; x_wconf 90' lang='lat' dir='ltr'>de</span> <span class='ocrx_word' id='word_1_1535' title='bbox 1646 3101 1670 3131; x_wconf 95' lang='lat' dir='ltr'>la</span> <span class='ocrx_word' id='word_1_1536' title='bbox 1688 3100 1838 3139; x_wconf 89' lang='lat' dir='ltr'>Marisme,</span> <span class='ocrx_word' id='word_1_1537' title='bbox 1858 3109 1991 3139; x_wconf 89' lang='lat' dir='ltr'>quantum</span> <span class='ocrx_word' id='word_1_1538' title='bbox 2006 3101 2039 3132; x_wconf 81' lang='lat' dir='ltr'>ad</span> <span class='ocrx_word' id='word_1_1539' title='bbox 2056 3111 2112 3139; x_wconf 76' lang='lat' dir='ltr'>prae</span> <span class='ocrx_word' id='word_1_1540' title='bbox 2124 3111 2172 3132; x_wconf 88' lang='lat' dir='ltr'>ens</span> <span class='ocrx_word' id='word_1_1541' title='bbox 2190 3103 2298 3134; x_wconf 87' lang='lat' dir='ltr'>ibidem</span> <span class='ocrx_word' id='word_1_1542' title='bbox 2321 3104 2392 3135; x_wconf 90' lang='lat' dir='ltr'>Pro·</span> 
     </span>
     <span class='ocr_line' id='line_1_187' title="bbox 1330 3138 2392 3181; baseline 0.002 -10"><span class='ocrx_word' id='word_1_1543' title='bbox 1330 3151 1471 3171; x_wconf 82' lang='lat' dir='ltr'>curatores</span> <span class='ocrx_word' id='word_1_1544' title='bbox 1485 3150 1543 3170; x_wconf 89' lang='lat' dir='ltr'>non</span> <span class='ocrx_word' id='word_1_1545' title='bbox 1558 3141 1692 3178; x_wconf 81' lang='lat' dir='ltr'>habeant,</span> <span class='ocrx_word' id='word_1_1546' title='bbox 1710 3139 1788 3177; x_wconf 81' lang='lat' dir='ltr'>quod</span> <span class='ocrx_word' id='word_1_1547' title='bbox 1805 3138 2000 3170; x_wconf 88' lang='lat' dir='ltr'>Procuratores</span> <span class='ocrx_word' id='word_1_1548' title='bbox 2015 3139 2144 3177; x_wconf 57' lang='lat' dir='ltr'>praedicti</span> <span class='ocrx_word' id='word_1_1549' title='bbox 2154 3139 2191 3171; x_wconf 94' lang='lat' dir='ltr'>de</span> <span class='ocrx_word' id='word_1_1550' title='bbox 2204 3140 2229 3171; x_wconf 92' lang='lat' dir='ltr'>la</span> <span class='ocrx_word' id='word_1_1551' title='bbox 2244 3140 2392 3181; x_wconf 84' lang='lat' dir='ltr'>Marisme,</span> 
     </span>
    </p>

    <p class='ocr_par' dir='ltr' id='par_1_36' title="bbox 1330 3177 2394 3332">
     <span class='ocr_line' id='line_1_188' title="bbox 1352 3177 2392 3215; baseline 0.003 -6"><span class='ocrx_word' id='word_1_1552' title='bbox 1352 3181 1378 3209; x_wconf 89' lang='lat' dir='ltr'>ui</span> <span class='ocrx_word' id='word_1_1553' title='bbox 1395 3179 1501 3209; x_wconf 78' lang='lat' dir='ltr'>ibidem</span> <span class='ocrx_word' id='word_1_1554' title='bbox 1524 3179 1683 3215; x_wconf 82' lang='lat' dir='ltr'>extiterant,</span> <span class='ocrx_word' id='word_1_1555' title='bbox 1701 3177 1726 3207; x_wconf 86' lang='lat' dir='ltr'>se</span> <span class='ocrx_word' id='word_1_1556' title='bbox 1749 3177 1911 3214; x_wconf 70' lang='lat' dir='ltr'>obligarunt</span> <span class='ocrx_word' id='word_1_1557' title='bbox 1926 3178 1960 3207; x_wconf 83' lang='lat' dir='ltr'>ad</span> <span class='ocrx_word' id='word_1_1558' title='bbox 1975 3178 2136 3208; x_wconf 85' lang='lat' dir='ltr'>habendum</span> <span class='ocrx_word' id='word_1_1559' title='bbox 2157 3178 2193 3209; x_wconf 89' lang='lat' dir='ltr'>de</span> <span class='ocrx_word' id='word_1_1560' title='bbox 2207 3178 2290 3210; x_wconf 63' lang='lat' dir='ltr'>dictis</span> <span class='ocrx_word' id='word_1_1561' title='bbox 2303 3180 2392 3212; x_wconf 91' lang='lat' dir='ltr'>Locis</span> 
     </span>
     <span class='ocr_line' id='line_1_189' title="bbox 1330 3191 2394 3257; baseline 0.003 -10"><span class='ocrx_word' id='word_1_1562' title='bbox 1330 3191 1559 3247; x_wconf 48' lang='lat' dir='ltr'>{atificationem</span> <span class='ocrx_word' id='word_1_1563' title='bbox 1576 3216 1661 3246; x_wconf 56' lang='lat' dir='ltr'>dicte</span> <span class='ocrx_word' id='word_1_1564' title='bbox 1678 3215 1775 3255; x_wconf 85' lang='lat' dir='ltr'>Pacis,</span> <span class='ocrx_word' id='word_1_1565' title='bbox 1790 3217 1823 3247; x_wconf 62' lang='grc' dir='ltr'>ὃς</span> <span class='ocrx_word' id='word_1_1566' title='bbox 1837 3225 1899 3246; x_wconf 90' lang='lat' dir='ltr'>eam</span> <span class='ocrx_word' id='word_1_1567' title='bbox 1914 3217 2023 3246; x_wconf 89' lang='lat' dir='ltr'>mittere</span> <span class='ocrx_word' id='word_1_1568' title='bbox 2038 3216 2073 3247; x_wconf 84' lang='lat' dir='ltr'>ad</span> <span class='ocrx_word' id='word_1_1569' title='bbox 2093 3216 2247 3248; x_wconf 89' lang='lat' dir='ltr'>Civitatem</span> <span class='ocrx_word' id='word_1_1570' title='bbox 2262 3217 2394 3257; x_wconf 84' lang='lat' dir='ltr'>Baionae,</span> 
     </span>
     <span class='ocr_line' id='line_1_190' title="bbox 1330 3253 2393 3292; baseline 0.004 -7"><span class='ocrx_word' id='word_1_1571' title='bbox 1330 3255 1473 3292; x_wconf 84' lang='lat' dir='ltr'>sigillatam</span> <span class='ocrx_word' id='word_1_1572' title='bbox 1496 3255 1601 3291; x_wconf 78' lang='lat' dir='ltr'>Sigillis</span> <span class='ocrx_word' id='word_1_1573' title='bbox 1623 3254 1763 3284; x_wconf 60' lang='lat' dir='ltr'>dierorum</span> <span class='ocrx_word' id='word_1_1574' title='bbox 1782 3253 1945 3292; x_wconf 90' lang='lat' dir='ltr'>Locorum,</span> <span class='ocrx_word' id='word_1_1575' title='bbox 1964 3254 1996 3285; x_wconf 74' lang='grc' dir='ltr'>ὃ(</span> <span class='ocrx_word' id='word_1_1576' title='bbox 2013 3255 2070 3286; x_wconf 87' lang='lat' dir='ltr'>hoc</span> <span class='ocrx_word' id='word_1_1577' title='bbox 2084 3253 2156 3286; x_wconf 89' lang='lat' dir='ltr'>infra</span> <span class='ocrx_word' id='word_1_1578' title='bbox 2173 3255 2288 3286; x_wconf 90' lang='lat' dir='ltr'>Festum</span> <span class='ocrx_word' id='word_1_1579' title='bbox 2303 3257 2393 3289; x_wconf 65' lang='lat' dir='ltr'>bffltae</span> 
     </span>
     <span class='ocr_line' id='line_1_191' title="bbox 1330 3292 2090 3332; baseline -0.001 -8"><span class='ocrx_word' id='word_1_1580' title='bbox 1330 3293 1450 3332; x_wconf 77' lang='lat' dir='ltr'>Matiae,</span> <span class='ocrx_word' id='word_1_1581' title='bbox 1469 3295 1498 3323; x_wconf 90' lang='lat' dir='ltr'>in</span> <span class='ocrx_word' id='word_1_1582' title='bbox 1514 3292 1613 3322; x_wconf 87' lang='lat' dir='ltr'>Mense</span> <span class='ocrx_word' id='word_1_1583' title='bbox 1628 3292 1770 3323; x_wconf 85' lang='lat' dir='ltr'>Februarii</span> <span class='ocrx_word' id='word_1_1584' title='bbox 1784 3294 1918 3330; x_wconf 79' lang='lat' dir='ltr'>proximo</span> <span class='ocrx_word' id='word_1_1585' title='bbox 1933 3302 2090 3324; x_wconf 86' lang='lat' dir='ltr'>venturum.</span> 
     </span>
    </p>

    <p class='ocr_par' dir='ltr' id='par_1_37' title="bbox 1329 3329 2395 3784">
     <span class='ocr_line' id='line_1_192' title="bbox 1365 3329 2391 3370; baseline 0.002 -8"><span class='ocrx_word' id='word_1_1586' title='bbox 1365 3331 1493 3370; x_wconf 70' lang='lat' dir='ltr'>ITEM,</span> <span class='ocrx_word' id='word_1_1587' title='bbox 1508 3331 1616 3362; x_wconf 88' lang='lat' dir='ltr'>ibidem</span> <span class='ocrx_word' id='word_1_1588' title='bbox 1640 3329 1692 3361; x_wconf 85' lang='lat' dir='ltr'>fuit</span> <span class='ocrx_word' id='word_1_1589' title='bbox 1721 3330 1910 3369; x_wconf 81' lang='lat' dir='ltr'>Ordinatum,</span> <span class='ocrx_word' id='word_1_1590' title='bbox 1928 3331 2007 3370; x_wconf 81' lang='lat' dir='ltr'>quod</span> <span class='ocrx_word' id='word_1_1591' title='bbox 2037 3331 2095 3362; x_wconf 90' lang='lat' dir='ltr'>duo</span> <span class='ocrx_word' id='word_1_1592' title='bbox 2114 3330 2228 3362; x_wconf 89' lang='lat' dir='ltr'>Nuncii</span> <span class='ocrx_word' id='word_1_1593' title='bbox 2250 3330 2391 3364; x_wconf 58' lang='lat' dir='ltr'>dictamni</span> 
     </span>
     <span class='ocr_line' id='line_1_193' title="bbox 1329 3368 2390 3409; baseline 0.003 -9"><span class='ocrx_word' id='word_1_1594' title='bbox 1329 3370 1455 3400; x_wconf 88' lang='lat' dir='ltr'>Partium</span> <span class='ocrx_word' id='word_1_1595' title='bbox 1470 3369 1604 3400; x_wconf 87' lang='lat' dir='ltr'>accedant</span> <span class='ocrx_word' id='word_1_1596' title='bbox 1621 3379 1687 3399; x_wconf 90' lang='lat' dir='ltr'>cum</span> <span class='ocrx_word' id='word_1_1597' title='bbox 1702 3371 1784 3399; x_wconf 89' lang='lat' dir='ltr'>certis</span> <span class='ocrx_word' id='word_1_1598' title='bbox 1799 3369 1940 3401; x_wconf 80' lang='lat' dir='ltr'>Mandatis</span> <span class='ocrx_word' id='word_1_1599' title='bbox 1952 3369 2025 3408; x_wconf 86' lang='lat' dir='ltr'>apud</span> <span class='ocrx_word' id='word_1_1600' title='bbox 2040 3368 2252 3408; x_wconf 86' lang='lat' dir='ltr'>Burdegaliam,</span> <span class='ocrx_word' id='word_1_1601' title='bbox 2269 3371 2303 3402; x_wconf 89' lang='lat'>&amp;</span> <span class='ocrx_word' id='word_1_1602' title='bbox 2316 3371 2390 3409; x_wconf 88' lang='lat' dir='ltr'>apud</span> 
     </span>
     <span class='ocr_line' id='line_1_194' title="bbox 1331 3407 2391 3447; baseline 0.003 -9"><span class='ocrx_word' id='word_1_1603' title='bbox 1331 3409 1485 3447; x_wconf 84' lang='lat' dir='ltr'>Angliam,</span> <span class='ocrx_word' id='word_1_1604' title='bbox 1502 3410 1535 3439; x_wconf 67' lang='grc' dir='ltr'>ὃς</span> <span class='ocrx_word' id='word_1_1605' title='bbox 1558 3409 1586 3437; x_wconf 91' lang='lat' dir='ltr'>in</span> <span class='ocrx_word' id='word_1_1606' title='bbox 1605 3408 1788 3440; x_wconf 72' lang='lat' dir='ltr'>Normandizi.</span> <span class='ocrx_word' id='word_1_1607' title='bbox 1801 3431 1810 3447; x_wconf 87' lang='lat'>,</span> <span class='ocrx_word' id='word_1_1608' title='bbox 1828 3409 1862 3439; x_wconf 91' lang='lat'>&amp;</span> <span class='ocrx_word' id='word_1_1609' title='bbox 1883 3409 2068 3439; x_wconf 90' lang='lat' dir='ltr'>in-omnibus</span> <span class='ocrx_word' id='word_1_1610' title='bbox 2085 3407 2143 3438; x_wconf 90' lang='lat' dir='ltr'>aliis</span> <span class='ocrx_word' id='word_1_1611' title='bbox 2164 3408 2249 3446; x_wconf 85' lang='lat' dir='ltr'>locis,</span> <span class='ocrx_word' id='word_1_1612' title='bbox 2267 3410 2314 3447; x_wconf 89' lang='lat' dir='ltr'>qui</span> <span class='ocrx_word' id='word_1_1613' title='bbox 2329 3411 2391 3442; x_wconf 89' lang='lat' dir='ltr'>sunt</span> 
     </span>
     <span class='ocr_line' id='line_1_195' title="bbox 1331 3445 2394 3486; baseline 0.002 -9"><span class='ocrx_word' id='word_1_1614' title='bbox 1331 3447 1414 3486; x_wconf 89' lang='lat' dir='ltr'>usque</span> <span class='ocrx_word' id='word_1_1615' title='bbox 1433 3447 1466 3477; x_wconf 90' lang='lat' dir='ltr'>ad</span> <span class='ocrx_word' id='word_1_1616' title='bbox 1487 3447 1607 3477; x_wconf 90' lang='lat' dir='ltr'>Terram</span> <span class='ocrx_word' id='word_1_1617' title='bbox 1629 3446 1781 3485; x_wconf 85' lang='lat' dir='ltr'>Flaiidriae,</span> <span class='ocrx_word' id='word_1_1618' title='bbox 1796 3454 1825 3477; x_wconf 93' lang='lat' dir='ltr'>ut</span> <span class='ocrx_word' id='word_1_1619' title='bbox 1844 3445 1947 3484; x_wconf 81' lang='lat' dir='ltr'>possint</span> <span class='ocrx_word' id='word_1_1620' title='bbox 1962 3446 2104 3476; x_wconf 88' lang='lat' dir='ltr'>Homines</span> <span class='ocrx_word' id='word_1_1621' title='bbox 2126 3446 2232 3477; x_wconf 88' lang='lat' dir='ltr'>ibidem</span> <span class='ocrx_word' id='word_1_1622' title='bbox 2247 3447 2394 3479; x_wconf 86' lang='lat' dir='ltr'>certificari</span> 
     </span>
     <span class='ocr_line' id='line_1_196' title="bbox 1330 3483 2392 3525; baseline 0.001 -9"><span class='ocrx_word' id='word_1_1623' title='bbox 1330 3485 1366 3516; x_wconf 93' lang='lat' dir='ltr'>de</span> <span class='ocrx_word' id='word_1_1624' title='bbox 1383 3485 1455 3516; x_wconf 88' lang='lat' dir='ltr'>Pace</span> <span class='ocrx_word' id='word_1_1625' title='bbox 1469 3485 1619 3523; x_wconf 66' lang='lat' dir='ltr'>praediCta,</span> <span class='ocrx_word' id='word_1_1626' title='bbox 1637 3484 1735 3515; x_wconf 87' lang='lat' dir='ltr'>Naves</span> <span class='ocrx_word' id='word_1_1627' title='bbox 1748 3486 1832 3516; x_wconf 87' lang='lat' dir='ltr'>etiam</span> <span class='ocrx_word' id='word_1_1628' title='bbox 1848 3486 1882 3515; x_wconf 88' lang='lat'>&amp;</span> <span class='ocrx_word' id='word_1_1629' title='bbox 1897 3484 2004 3514; x_wconf 93' lang='lat' dir='ltr'>Gentes</span> <span class='ocrx_word' id='word_1_1630' title='bbox 2025 3483 2153 3515; x_wconf 88' lang='lat' dir='ltr'>Partium</span> <span class='ocrx_word' id='word_1_1631' title='bbox 2177 3485 2392 3525; x_wconf 65' lang='lat' dir='ltr'>praedictarum,</span> 
     </span>
     <span class='ocr_line' id='line_1_197' title="bbox 1330 3521 2394 3561; baseline 0 -7"><span class='ocrx_word' id='word_1_1632' title='bbox 1330 3534 1396 3554; x_wconf 92' lang='lat' dir='ltr'>cum</span> <span class='ocrx_word' id='word_1_1633' title='bbox 1411 3523 1520 3561; x_wconf 86' lang='lat' dir='ltr'>speciali</span> <span class='ocrx_word' id='word_1_1634' title='bbox 1544 3522 1702 3561; x_wconf 83' lang='lat' dir='ltr'>Mandato,</span> <span class='ocrx_word' id='word_1_1635' title='bbox 1720 3522 1797 3561; x_wconf 80' lang='lat' dir='ltr'>quod</span> <span class='ocrx_word' id='word_1_1636' title='bbox 1817 3528 1929 3553; x_wconf 86' lang='lat' dir='ltr'>teneant</span> <span class='ocrx_word' id='word_1_1637' title='bbox 1944 3521 2049 3552; x_wconf 90' lang='lat' dir='ltr'>Pacem</span> <span class='ocrx_word' id='word_1_1638' title='bbox 2068 3523 2233 3560; x_wconf 63' lang='lat' dir='ltr'>praedistam</span> <span class='ocrx_word' id='word_1_1639' title='bbox 2252 3524 2285 3554; x_wconf 85' lang='lat'>&amp;</span> <span class='ocrx_word' id='word_1_1640' title='bbox 2299 3523 2394 3554; x_wconf 84' lang='lat' dir='ltr'>custo-</span> 
     </span>
     <span class='ocr_line' id='line_1_198' title="bbox 1330 3560 2392 3599; baseline 0.001 -8"><span class='ocrx_word' id='word_1_1641' title='bbox 1330 3563 1405 3593; x_wconf 86' lang='lat' dir='ltr'>diant</span> <span class='ocrx_word' id='word_1_1642' title='bbox 1419 3563 1469 3592; x_wconf 91' lang='lat' dir='ltr'>sub</span> <span class='ocrx_word' id='word_1_1643' title='bbox 1484 3561 1755 3598; x_wconf 70' lang='lat' dir='ltr'>Poenispraediffis,</span> <span class='ocrx_word' id='word_1_1644' title='bbox 1770 3561 1802 3590; x_wconf 86' lang='lat'>&amp;</span> <span class='ocrx_word' id='word_1_1645' title='bbox 1819 3560 1897 3598; x_wconf 77' lang='lat' dir='ltr'>quod</span> <span class='ocrx_word' id='word_1_1646' title='bbox 1915 3560 2030 3591; x_wconf 88' lang='lat' dir='ltr'>Nuncii</span> <span class='ocrx_word' id='word_1_1647' title='bbox 2044 3561 2173 3599; x_wconf 59' lang='lat' dir='ltr'>praediciti</span> <span class='ocrx_word' id='word_1_1648' title='bbox 2180 3561 2214 3592; x_wconf 89' lang='lat' dir='ltr'>ad</span> <span class='ocrx_word' id='word_1_1649' title='bbox 2222 3561 2321 3592; x_wconf 66' lang='grc' dir='ltr'>ὃᾱηᾶὶα</span> <span class='ocrx_word' id='word_1_1650' title='bbox 2331 3561 2392 3593; x_wconf 89' lang='lat' dir='ltr'>Dei</span> 
     </span>
     <span class='ocr_line' id='line_1_199' title="bbox 1332 3598 2394 3640; baseline 0 -10"><span class='ocrx_word' id='word_1_1651' title='bbox 1332 3600 1494 3638; x_wconf 70' lang='lat' dir='ltr'>Lwangelia</span> <span class='ocrx_word' id='word_1_1652' title='bbox 1507 3601 1684 3638; x_wconf 87' lang='lat' dir='ltr'>jurent,ante</span> <span class='ocrx_word' id='word_1_1653' title='bbox 1700 3598 1854 3628; x_wconf 85' lang='lat' dir='ltr'>Recessum</span> <span class='ocrx_word' id='word_1_1654' title='bbox 1870 3600 2038 3630; x_wconf 88' lang='lat' dir='ltr'>eorumdem</span> <span class='ocrx_word' id='word_1_1655' title='bbox 2053 3599 2087 3630; x_wconf 93' lang='lat' dir='ltr'>de</span> <span class='ocrx_word' id='word_1_1656' title='bbox 2106 3601 2227 3638; x_wconf 87' lang='lat' dir='ltr'>partibus</span> <span class='ocrx_word' id='word_1_1657' title='bbox 2241 3599 2394 3640; x_wconf 66' lang='lat' dir='ltr'>praedidkis,</span> 
     </span>
     <span class='ocr_line' id='line_1_200' title="bbox 1332 3637 2394 3677; baseline 0 -8"><span class='ocrx_word' id='word_1_1658' title='bbox 1332 3640 1412 3677; x_wconf 75' lang='lat' dir='ltr'>quod</span> <span class='ocrx_word' id='word_1_1659' title='bbox 1436 3639 1503 3676; x_wconf 87' lang='lat' dir='ltr'>ipsi,</span> <span class='ocrx_word' id='word_1_1660' title='bbox 1522 3638 1555 3668; x_wconf 90' lang='lat'>&amp;</span> <span class='ocrx_word' id='word_1_1661' title='bbox 1575 3637 1691 3677; x_wconf 90' lang='lat' dir='ltr'>quilibet</span> <span class='ocrx_word' id='word_1_1662' title='bbox 1713 3637 1854 3675; x_wconf 86' lang='lat' dir='ltr'>ipsorum,</span> <span class='ocrx_word' id='word_1_1663' title='bbox 1872 3637 1975 3667; x_wconf 89' lang='lat' dir='ltr'>faciant</span> <span class='ocrx_word' id='word_1_1664' title='bbox 1997 3638 2075 3676; x_wconf 87' lang='lat' dir='ltr'>posse</span> <span class='ocrx_word' id='word_1_1665' title='bbox 2089 3638 2168 3669; x_wconf 88' lang='lat' dir='ltr'>suum</span> <span class='ocrx_word' id='word_1_1666' title='bbox 2185 3637 2220 3667; x_wconf 88' lang='lat' dir='ltr'>ad</span> <span class='ocrx_word' id='word_1_1667' title='bbox 2236 3637 2394 3669; x_wconf 80' lang='lat' dir='ltr'>certifican-</span> 
     </span>
     <span class='ocr_line' id='line_1_201' title="bbox 1331 3674 2393 3714; baseline 0 -6"><span class='ocrx_word' id='word_1_1668' title='bbox 1331 3679 1401 3708; x_wconf 90' lang='lat' dir='ltr'>dum</span> <span class='ocrx_word' id='word_1_1669' title='bbox 1430 3677 1463 3707; x_wconf 89' lang='lat'>&amp;</span> <span class='ocrx_word' id='word_1_1670' title='bbox 1488 3674 1695 3706; x_wconf 81' lang='lat' dir='ltr'>notificandum</span> <span class='ocrx_word' id='word_1_1671' title='bbox 1720 3674 1864 3706; x_wconf 81' lang='lat' dir='ltr'>Gentibus</span> <span class='ocrx_word' id='word_1_1672' title='bbox 1889 3675 2016 3706; x_wconf 89' lang='lat' dir='ltr'>Partium</span> <span class='ocrx_word' id='word_1_1673' title='bbox 2044 3675 2242 3714; x_wconf 61' lang='lat' dir='ltr'>praedictarum</span> <span class='ocrx_word' id='word_1_1674' title='bbox 2264 3674 2300 3706; x_wconf 87' lang='lat' dir='ltr'>de</span> <span class='ocrx_word' id='word_1_1675' title='bbox 2320 3675 2393 3708; x_wconf 87' lang='lat' dir='ltr'>Pace</span> 
     </span>
     <span class='ocr_line' id='line_1_202' title="bbox 1334 3711 2395 3783; baseline 0 -38"><span class='ocrx_word' id='word_1_1676' title='bbox 1334 3714 1469 3783; x_wconf 42' lang='lat' dir='ltr'>praedissta</span> <span class='ocrx_word' id='word_1_1677' title='bbox 1485 3715 1517 3744; x_wconf 69' lang='grc' dir='ltr'>ὃς</span> <span class='ocrx_word' id='word_1_1678' title='bbox 1531 3712 1695 3781; x_wconf 54' lang='grc' dir='ltr'>Οῗηεοῐάἰίι</span> <span class='ocrx_word' id='word_1_1679' title='bbox 1709 3724 1719 3751; x_wconf 80' lang='lat'>3</span> <span class='ocrx_word' id='word_1_1680' title='bbox 1734 3715 1771 3744; x_wconf 86' lang='lat' dir='ltr'>ita</span> <span class='ocrx_word' id='word_1_1681' title='bbox 1785 3713 1864 3752; x_wconf 72' lang='lat' dir='ltr'>quud</span> <span class='ocrx_word' id='word_1_1682' title='bbox 1880 3713 1967 3745; x_wconf 91' lang='lat' dir='ltr'>nullus</span> <span class='ocrx_word' id='word_1_1683' title='bbox 1988 3714 2113 3753; x_wconf 83' lang='lat' dir='ltr'>ipsorum</span> <span class='ocrx_word' id='word_1_1684' title='bbox 2128 3723 2177 3751; x_wconf 85' lang='lat' dir='ltr'>per</span> <span class='ocrx_word' id='word_1_1685' title='bbox 2199 3711 2395 3750; x_wconf 87' lang='lat' dir='ltr'>Ignorantiam</span> 
     </span>
     <span class='ocr_line' id='line_1_203' title="bbox 1334 3755 1617 3784; baseline -0.014 0"><span class='ocrx_word' id='word_1_1686' title='bbox 1334 3755 1361 3784; x_wconf 90' lang='lat' dir='ltr'>se</span> <span class='ocrx_word' id='word_1_1687' title='bbox 1385 3757 1426 3783; x_wconf 63' lang='lat' dir='ltr'>iol</span> <span class='ocrx_word' id='word_1_1688' title='bbox 1440 3761 1467 3782; x_wconf 87' lang='lat' dir='ltr'>et</span> <span class='ocrx_word' id='word_1_1689' title='bbox 1482 3761 1553 3782; x_wconf 86' lang='lat' dir='ltr'>excu</span> <span class='ocrx_word' id='word_1_1690' title='bbox 1565 3762 1617 3781; x_wconf 82' lang='lat' dir='ltr'>are.</span> 
     </span>
    </p>

    <p class='ocr_par' dir='ltr' id='par_1_38' title="bbox 1334 3764 2399 3944">
     <span class='ocr_line' id='line_1_204' title="bbox 1370 3764 2391 3828; baseline 0.001 -7"><span class='ocrx_word' id='word_1_1691' title='bbox 1370 3764 1497 3828; x_wconf 41' lang='grc' dir='ltr'><strong>ΙιΤΕΜ,</strong></span> <span class='ocrx_word' id='word_1_1692' title='bbox 1512 3789 1564 3819; x_wconf 85' lang='lat' dir='ltr'>fuit</span> <span class='ocrx_word' id='word_1_1693' title='bbox 1579 3789 1749 3820; x_wconf 87' lang='lat' dir='ltr'>Ordinatum</span> <span class='ocrx_word' id='word_1_1694' title='bbox 1772 3790 1805 3821; x_wconf 91' lang='lat'>&amp;</span> <span class='ocrx_word' id='word_1_1695' title='bbox 1828 3789 2048 3821; x_wconf 89' lang='lat' dir='ltr'>Concordatum</span> <span class='ocrx_word' id='word_1_1696' title='bbox 2084 3788 2164 3827; x_wconf 79' lang='lat' dir='ltr'>quod</span> <span class='ocrx_word' id='word_1_1697' title='bbox 2184 3788 2205 3819; x_wconf 78' lang='lat' dir='ltr'>si</span> <span class='ocrx_word' id='word_1_1698' title='bbox 2225 3790 2286 3826; x_wconf 89' lang='lat' dir='ltr'>quis</span> <span class='ocrx_word' id='word_1_1699' title='bbox 2298 3789 2391 3822; x_wconf 67' lang='lat' dir='ltr'>dista-</span> 
     </span>
     <span class='ocr_line' id='line_1_205' title="bbox 1334 3827 2397 3866; baseline 0 -6"><span class='ocrx_word' id='word_1_1700' title='bbox 1334 3840 1395 3860; x_wconf 89' lang='lat' dir='ltr'>rum</span> <span class='ocrx_word' id='word_1_1701' title='bbox 1414 3828 1538 3859; x_wconf 90' lang='lat' dir='ltr'>Partium</span> <span class='ocrx_word' id='word_1_1702' title='bbox 1557 3828 1588 3857; x_wconf 79' lang='lat' dir='ltr'>sit</span> <span class='ocrx_word' id='word_1_1703' title='bbox 1608 3827 1745 3866; x_wconf 86' lang='lat' dir='ltr'>Rebellis,</span> <span class='ocrx_word' id='word_1_1704' title='bbox 1762 3829 1796 3859; x_wconf 87' lang='lat'>&amp;</span> <span class='ocrx_word' id='word_1_1705' title='bbox 1814 3837 1913 3858; x_wconf 85' lang='lat' dir='ltr'>contra</span> <span class='ocrx_word' id='word_1_1706' title='bbox 1930 3827 2035 3858; x_wconf 60' lang='lat' dir='ltr'>dietam</span> <span class='ocrx_word' id='word_1_1707' title='bbox 2073 3836 2154 3857; x_wconf 86' lang='lat' dir='ltr'>acem</span> <span class='ocrx_word' id='word_1_1708' title='bbox 2168 3835 2332 3865; x_wconf 86' lang='lat' dir='ltr'>attemptare</span> <span class='ocrx_word' id='word_1_1709' title='bbox 2343 3839 2397 3860; x_wconf 90' lang='lat' dir='ltr'>vo-</span> 
     </span>
     <span class='ocr_line' id='line_1_206' title="bbox 1335 3864 2399 3905; baseline 0 -7"><span class='ocrx_word' id='word_1_1710' title='bbox 1335 3869 1431 3904; x_wconf 89' lang='lat' dir='ltr'>luerit,</span> <span class='ocrx_word' id='word_1_1711' title='bbox 1448 3865 1527 3905; x_wconf 85' lang='lat' dir='ltr'>quod</span> <span class='ocrx_word' id='word_1_1712' title='bbox 1543 3866 1648 3896; x_wconf 67' lang='lat' dir='ltr'>Ambae</span> <span class='ocrx_word' id='word_1_1713' title='bbox 1664 3865 1755 3897; x_wconf 83' lang='lat' dir='ltr'>Partes</span> <span class='ocrx_word' id='word_1_1714' title='bbox 1766 3876 1864 3899; x_wconf 83' lang='lat' dir='ltr'>contra</span> <span class='ocrx_word' id='word_1_1715' title='bbox 1879 3866 1991 3901; x_wconf 58' lang='lat' dir='ltr'>dietum</span> <span class='ocrx_word' id='word_1_1716' title='bbox 2004 3865 2154 3895; x_wconf 86' lang='lat' dir='ltr'>Rebellem</span> <span class='ocrx_word' id='word_1_1717' title='bbox 2168 3864 2278 3904; x_wconf 88' lang='lat' dir='ltr'>surgere</span> <span class='ocrx_word' id='word_1_1718' title='bbox 2287 3875 2399 3898; x_wconf 86' lang='lat' dir='ltr'>tenean-</span> 
     </span>
     <span class='ocr_line' id='line_1_207' title="bbox 1337 3901 2196 3944; baseline -0.003 -8"><span class='ocrx_word' id='word_1_1719' title='bbox 1337 3915 1399 3944; x_wconf 92' lang='lat' dir='ltr'>tur,</span> <span class='ocrx_word' id='word_1_1720' title='bbox 1418 3907 1451 3936; x_wconf 91' lang='lat'>&amp;</span> <span class='ocrx_word' id='word_1_1721' title='bbox 1466 3904 1555 3941; x_wconf 87' lang='lat' dir='ltr'>ipsum</span> <span class='ocrx_word' id='word_1_1722' title='bbox 1572 3905 1688 3942; x_wconf 88' lang='lat' dir='ltr'>punire,</span> <span class='ocrx_word' id='word_1_1723' title='bbox 1706 3913 1790 3942; x_wconf 89' lang='lat' dir='ltr'>prout</span> <span class='ocrx_word' id='word_1_1724' title='bbox 1804 3906 1834 3934; x_wconf 88' lang='lat' dir='ltr'>in</span> <span class='ocrx_word' id='word_1_1725' title='bbox 1848 3902 1925 3934; x_wconf 58' lang='lat' dir='ltr'>dista</span> <span class='ocrx_word' id='word_1_1726' title='bbox 1941 3901 2015 3934; x_wconf 90' lang='lat' dir='ltr'>Pace</span> <span class='ocrx_word' id='word_1_1727' title='bbox 2030 3904 2196 3934; x_wconf 89' lang='lat' dir='ltr'>continetur.</span> 
     </span>
    </p>

    <p class='ocr_par' dir='ltr' id='par_1_39' title="bbox 1339 3940 2403 4098">
     <span class='ocr_line' id='line_1_208' title="bbox 1376 3940 2401 3988; baseline -0.003 -16"><span class='ocrx_word' id='word_1_1728' title='bbox 1376 3944 1450 3974; x_wconf 77' lang='lat' dir='ltr'>ITi:</span> <span class='ocrx_word' id='word_1_1729' title='bbox 1461 3950 1508 3980; x_wconf 86' lang='lat' dir='ltr'>M,</span> <span class='ocrx_word' id='word_1_1730' title='bbox 1527 3940 1584 3985; x_wconf 67' lang='lat' dir='ltr'>suit</span> <span class='ocrx_word' id='word_1_1731' title='bbox 1601 3941 1774 3987; x_wconf 85' lang='lat' dir='ltr'>Ordinatum</span> <span class='ocrx_word' id='word_1_1732' title='bbox 1789 3982 1794 3988; x_wconf 41' lang='lat'>·</span> <span class='ocrx_word' id='word_1_1733' title='bbox 1817 3941 1876 3973; x_wconf 68' lang='lat' dir='ltr'>ubd</span> <span class='ocrx_word' id='word_1_1734' title='bbox 1897 3941 2091 3971; x_wconf 87' lang='lat' dir='ltr'>Procuratores</span> <span class='ocrx_word' id='word_1_1735' title='bbox 2099 3940 2231 3986; x_wconf 32' lang='lat' dir='ltr'>&#39;Patrium</span> <span class='ocrx_word' id='word_1_1736' title='bbox 2253 3944 2401 3982; x_wconf 65' lang='lat' dir='ltr'>praedieta-</span> 
     </span>
     <span class='ocr_line' id='line_1_209' title="bbox 1339 3978 2403 4060; baseline -0.004 -10"><span class='ocrx_word' id='word_1_1737' title='bbox 1339 3979 1836 4056; x_wconf 54' lang='lat' dir='ltr'>Qffiggtlalsslaffissffitssiffii,</span> <span class='ocrx_word' id='word_1_1738' title='bbox 1847 3978 2120 4060; x_wconf 51' lang='lat' dir='ltr'>‚issssafffres‘ssmssrie</span> <span class='ocrx_word' id='word_1_1739' title='bbox 2128 3979 2318 4051; x_wconf 61' lang='grc' dir='ltr'>Ἓξΐῗηῗίἳέἕ</span> <span class='ocrx_word' id='word_1_1740' title='bbox 2323 3993 2403 4050; x_wconf 57' lang='lat' dir='ltr'>agi}</span> 
     </span>
     <span class='ocr_line' id='line_1_210' title="bbox 1340 4053 2403 4098; baseline 0 -9"><span class='ocrx_word' id='word_1_1741' title='bbox 1340 4059 1376 4089; x_wconf 83' lang='lat' dir='ltr'>tis</span> <span class='ocrx_word' id='word_1_1742' title='bbox 1388 4056 1516 4094; x_wconf 83' lang='lat' dir='ltr'>Reiud&#39;r,</span> <span class='ocrx_word' id='word_1_1743' title='bbox 1533 4057 1565 4089; x_wconf 81' lang='lat' dir='ltr'>in</span> <span class='ocrx_word' id='word_1_1744' title='bbox 1578 4056 1660 4089; x_wconf 87' lang='lat' dir='ltr'>Festo</span> <span class='ocrx_word' id='word_1_1745' title='bbox 1675 4057 1762 4088; x_wconf 67' lang='lat' dir='ltr'>beatae</span> <span class='ocrx_word' id='word_1_1746' title='bbox 1777 4056 1896 4093; x_wconf 78' lang='lat' dir='ltr'>Marrae,</span> <span class='ocrx_word' id='word_1_1747' title='bbox 1913 4053 1949 4086; x_wconf 86' lang='lat' dir='ltr'>de</span> <span class='ocrx_word' id='word_1_1748' title='bbox 1967 4054 2098 4094; x_wconf 85' lang='lat' dir='ltr'>Augusto</span> <span class='ocrx_word' id='word_1_1749' title='bbox 2112 4057 2247 4097; x_wconf 72' lang='lat' dir='ltr'>proximo</span> <span class='ocrx_word' id='word_1_1750' title='bbox 2267 4065 2403 4098; x_wconf 86' lang='lat' dir='ltr'>venturo,</span> 
     </span>
    </p>
   </div>
   <div class='ocr_carea' id='block_1_24' title="bbox 2361 4098 2407 4131">
    <p class='ocr_par' dir='ltr' id='par_1_40' title="bbox 2361 4098 2407 4131">
     <span class='ocr_line' id='line_1_211' title="bbox 2361 4098 2407 4131; baseline 0 0"><span class='ocrx_word' id='word_1_1751' title='bbox 2361 4098 2407 4131; x_wconf 70' lang='lat' dir='ltr'>vel</span> 
     </span>
    </p>
   </div>
  </div>
 </body>
</html>
