2561 4251
32 174 108 205 Arm.
121 174 162 204 D.

52 220 138 252 1377-

30 253 98 280 Edv.
121 262 145 289 3.

32 354 107 385 Ann.
123 352 163 384 D.
184 351 239 404 R

59 403 69 422 1

30 436 54 459 A
60 443 70 458 -ι

29 475 50 496 E
83 480 91 488 ς

28 511 52 536 C
52 489 74 535 ia

27 550 152 583 E.3.p.2

27 594 52 611 ἳῖἱ
57 605 64 613 ,

79 401 144 431 377-

77 454 81 458 .
102 442 145 465 50.

77 491 112 543 tif,
120 518 152 542 5¹⁷*

85 595 107 613 1.

28 1422 157 1456 Ann.D.

50 1471 135 1503 1377-

24 1508 76 1531 Art.

96 1512 141 1537 50.

25 1586 101 1608 Fran.
114 1589 148 1615 50
156 1601 161 1605 .

25 1623 93 1656 ΕΞ.

27 1681 79 1724 ⁶'v

31 1746 78 1773 ¹33

30 2601 79 2633 'An

109 1629 148 1649 m-

85 1698 123 1725 11.

82 2610 109 2630 n.
123 2599 164 2631 D.

54 2648 139 2680 1377.

31 2683 85 2707 Aa.

31 2759 120 2783 franc.
125 2764 168 2790 50.

106 2688 151 2714 50.

32 2797 63 2822 E.
80 2801 106 2832 3.
122 2804 158 2822 m.

43 3224 244 3284 mn}

67 3302 77 3321 1

45 3335 84 3358 An

116 3341 149 3366 50

45 3374 73 3395 1..

45 3412 105 3434 sat.
124 3418 156 3443 50

46 3449 151 3482 hyp.

47 3492 84 3510 m.

86 3301 139 3313 w--J

88 3313 150 3330 Diffi·

98 3379 123 3405 3.

154 3353 160 3360 a

167 104 220 144 54

275 265 333 295 Pro
352 257 487 304 Epiftopo
502 255 694 304 Wj‘monicqfi
704 254 738 287 de
755 253 803 286 die
814 252 931 298 praefixo
942 250 1139 298 prorogando.

249 347 274 377 E
286 345 332 382 X,
352 340 512 371 Venerabili
527 342 554 370 in
572 339 690 371 Christo
704 339 796 376 Patri,
816 339 860 367 W.
880 337 979 368 eadem
994 335 1096 376 gratia,
1115 333 1238 374 Eptfiopo

264 380 442 422 lls'ynmmenfi
449 402 458 417 ,
476 379 608 410 Salutem.

218 425 297 454 Licet
313 429 417 457 nuper,

214 458 391 499 Qiibuidam
414 457 546 488 Articulis
567 464 665 486 coram
681 454 779 484 Nobis
792 454 825 485 &
840 453 978 484 Concilio
993 451 1094 482 nostro
1109 448 1238 489 proposi*
1288 452 1291 455 '

179 502 211 529 tis
226 524 234 535 Ἰ
260 497 365 527 diversa
384 495 557 526 Gravamina
578 496 611 526 &
634 493 831 529 Extortiones,
848 492 947 522 Nobis
961 493 993 523 ὃς
1009 490 1124 528 Populo
1138 488 1236 519 nostro

178 548 225 576 per
240 536 266 566 V
268 546 318 574 os,
335 535 406 565 dum
422 534 570 563 nobiscum
587 534 617 562 in
629 531 743 562 diversis
756 530 870 561 Officiis
885 532 918 562 ὅς
932 531 967 561 de
981 529 1117 560 Concilio
1134 527 1235 558 nostro

178 575 320 612 extitistis,
339 583 369 603 ut
383 575 497 610 dieitur,
514 571 609 608 illatis,
627 571 699 600 inter
713 578 829 608 caetera,
847 569 1076 605 continentibus,

215 613 322 651 Unde,
341 614 369 642 in
385 620 477 649 parte,
493 620 590 639 coram
606 610 688 640 certis
700 608 824 638 Praelatis
838 609 871 639 &
884 609 940 637 aliis
954 606 1135 643 Magnatibus
1150 604 1234 641 Reg-

174 654 205 684 ni
219 653 307 682 nostri
324 651 450 686 Anrtlizrz,
469 649 502 679 ad
519 649 576 679 boc
592 658 640 685 per
656 657 709 677 nos
720 646 872 685 specialiter
887 646 1036 683 deputatis,
1055 654 1143 681 nuper
1159 643 1235 680 apud

173 689 466 758 XVestnbonasterium
483 687 611 718 Allocuti
626 685 730 724 fuistis,
747 687 780 716 &
796 687 825 715 in
838 694 939 724 magna
954 693 1030 722 parte
1042 682 1134 713 adhuc
1150 682 1233 713 restat

173 732 203 762 lo
226 739 280 760 uen
302 738 350 758 um

206 740 383 798 (icherimi'is
401 766 484 796 vobis
506 764 596 795 Diem
609 787 619 803 ,
644 764 672 793 in
693 763 813 793 octabis
832 762 928 793 Sancti
949 760 1077 798 Halani,
1095 761 1231 798 proximo

175 807 291 843 futuris,
309 805 342 835 nd
354 803 596 844 Respondendum
612 801 712 833 Nobis
723 801 801 840 super
815 799 975 839 praemiffis,
991 809 1060 831 tunc
1073 799 1194 836 ibidem,

212 844 390 884 Qiibuschm
412 852 508 873 tamen
528 843 610 873 certis
629 841 665 871 de
684 840 769 871 causis
783 865 793 879 ,
815 850 868 871 nos
885 839 1084 877 moventibus,
1100 838 1233 869 volumus

179 887 302 915 eundern
313 883 400 913 Diem
410 905 419 919 ,
435 881 471 912 sic
487 881 571 912 vobis
583 879 732 918 praefixum
742 902 752 918 ,
769 878 854 917 usque
866 877 900 908 ad
915 878 1063 916 Tempus,
1080 886 1139 915 quo
1155 877 1235 914 super

177 924 229 954 hiis
245 922 320 952 aliter
336 921 496 951 duxerimus
512 917 759 955 demandandum,
773 917 934 956 prorogari:

215 961 251 991 Et
265 961 324 991 hoc
337 961 419 990 vobis
435 958 634 997 significamus,
650 956 812 986 mandantes
828 957 954 993 quatinus
966 953 1039 991 apud
1055 953 1164 984 diuum
1176 953 1235 984 Lo-

177 1010 246 1031 cum
267 998 512 1029 XVestmonairerii
528 1021 537 1036 ,
564 996 709 1034 quousque
731 995 805 1025 aliud
827 994 891 1024 inde
911 1004 926 1024 a
942 994 1025 1023 nobis
1040 993 1191 1023 habueritis
1206 994 1234 1022 in

178 1038 340 1071 Mandaith,
359 1046 391 1067 ex
406 1036 458 1066 hac
473 1036 551 1066 causa
567 1045 626 1065 non
643 1033 790 1064 accedatis.

212 1076 302 1109 Teste
316 1075 400 1113 Rege
416 1075 489 1114 apud
503 1072 809 1110 Westmonasterium,
825 1071 945 1109 septimo
960 1069 1006 1100 die
1016 1069 1146 1108 Januarii.

865 1149 918 1177 Per
930 1146 1012 1186 ipfitm
1027 1148 1130 1183 Regem.

179 1281 372 1326 Confirmatio
396 1280 558 1314 Trafhztus
578 1278 658 1323 fac‘h'
680 1289 732 1323 per
753 1276 979 1321 Conftrvatores
995 1276 1185 1322 Treugarum
1206 1278 1236 1306 in

559 1324 701 1361 Partibus
717 1328 856 1358 Franciae.

177 1416 258 1479 LE
286 1416 368 1447 Ror
394 1425 408 1446 a
428 1423 499 1447 touz
521 1422 593 1445 ceuz
612 1413 661 1451 qui
685 1411 773 1442 cestcs
795 1410 904 1443 Lettres
924 1418 1040 1443 verront
1062 1419 1102 1441 ou
1116 1417 1237 1447 orront,

273 1456 295 1485 al
352 1480 356 1485 .

218 1455 414 1524 ΝΞυευῖ-Ξνοηε
434 1503 488 1522 veu
509 1493 541 1522 &
563 1489 696 1529 regardez
716 1489 740 1519 la
755 1488 873 1519 Teneur
886 1487 935 1517 des
949 1488 1085 1518 certeines
1100 1486 1237 1525 Articles,

180 1533 306 1570 Parlees,
326 1533 470 1569 Traitees,
487 1532 519 1561 ἃ
535 1528 698 1560 Accordees
711 1538 757 1565 par
773 1527 809 1557 les
818 1525 1040 1557 Conservatours
1053 1526 1099 1555 des
1107 1526 1238 1562 TrieueS,

179 1572 401 1601 darrenirement
414 1570 502 1608 prisez
516 1577 594 1599 entre
610 1567 698 1597 Nous
719 1567 751 1597 ὃς
774 1566 869 1595 nostre
886 1564 1058 1604 Adverfhi're
1072 1565 1103 1593 de
1116 1568 1236 1602 Franco,

180 1609 303 1648 deputez
324 1619 370 1647 par
393 1607 486 1639 nostre
507 1607 597 1637 Partie
613 1629 621 1644 ,
642 1606 675 1636 ὃ(
698 1604 735 1635 les
758 1603 981 1634 Conservatours
1003 1603 1039 1633 de
1061 1603 1179 1632 mesmes
1197 1602 1235 1632 les

180 1648 315 1685 Trieues,
333 1647 454 1685 deputez
466 1656 512 1684 par
525 1645 549 1676 la
564 1645 648 1682 partie
661 1644 696 1673 de
711 1642 807 1672 nostre
819 1642 859 1672 dit
876 1642 1039 1673 Adversaire
1048 1665 1057 1680 ,
1073 1651 1109 1671 cn
1124 1641 1162 1671 les
1178 1641 1237 1671 for-

179 1696 226 1717 me
246 1687 263 1706 *
284 1687 315 1718 ὅ(
330 1687 454 1717 maniere
466 1686 514 1723 qui
527 1684 678 1720 s'ensuent,
694 1680 895 1718 c'estaffavoir,

216 1763 268 1795 LE
295 1762 531 1793 Vannnaov
557 1761 602 1789 xii.
625 1759 697 1798 Jour
716 1757 752 1788 de
773 1756 942 1787 Decembre
992 1756 1059 1787 l'An
1081 1755 1118 1787 de
1141 1755 1238 1787 Grace

179 1801 281 1839 Mille,
298 1801 487 1838 Troiscentz,
505 1799 630 1829 Soixsant
645 1798 678 1828 «Sc
692 1796 791 1839 Sesze,
809 1795 918 1825 feurent
931 1779 1085 1825 aiiemblez
1102 1795 1140 1825 les
1156 1795 1240 1825 Cori-

178 1841 333 1871 scrvatours
353 1840 401 1869 des
421 1839 558 1874 Trieues,
576 1848 591 1867 a
607 1836 777 1873 Merquize,
797 1833 858 1869 &c.
875 1840 907 1863 ut
919 1833 951 1863 de
967 1837 1039 1864 Dat.
1057 1836 1107 1864 xii.
1125 1833 1166 1863 die
1181 1836 1241 1863 De-

179 1879 287 1909 cembris
298 1876 421 1917 proxim&
428 1881 585 1917 praeterito,
603 1873 640 1910 ὠ·
655 1881 718 1904 tunc
727 1872 783 1914 fic,

214 1956 318 1994 Nous,
334 1963 405 1986 touz
417 1954 455 1985 les
471 1954 680 1985 Convenances
692 1952 725 1983 &
741 1949 859 1982 Articloe
872 1949 989 1987 susditz,
1008 1959 1045 1979 en
1058 1958 1171 1980 manere
1185 1959 1237 1980 co-

176 2004 224 2026 me
239 1995 269 2024 ils
283 1995 345 2024 sont
360 1993 431 2024 iffint
447 1993 579 2023 Traiteez
592 1993 625 2022 &
641 1989 809 2021 Accordeez.
822 1998 870 2027 par
885 1988 923 2019 les
935 1988 996 2019 ditz
1003 1987 1238 2027 Conservatours,

176 2043 262 2064 come
276 2033 364 2063 defuis
378 2032 418 2062 est
432 2032 472 2062 dit
481 2055 490 2070 ,
509 2039 568 2062 tant
583 2039 670 2061 come
683 2039 719 2059 en
736 2038 808 2059 nous
823 2027 882 2064 est,
891 2027 1061 2065 Aprovons,
1079 2026 1236 2065 Ratifions,

176 2073 211 2104 &
226 2070 423 2101 Confermons
438 2081 490 2108 pur
503 2069 600 2100 nostre
615 2068 723 2106 Partie‚
741 2077 788 2105 par
802 2067 826 2097 la
841 2066 976 2097 Teneure
990 2065 1026 2096 dc
1041 2065 1075 2095 N
1078 2075 1117 2096 oz
1129 2066 1240 2103 presen-

177 2118 218 2141 tes
234 2111 362 2147 Lettres,
378 2110 420 2140 sur
435 2109 498 2140 tiele
510 2108 696 2144 Condicion,
722 2116 778 2144 que
791 2113 882 2135 toutes
896 2105 933 2134 les
947 2104 1018 2134 dites
1031 2103 1240 2136 Convenances

179 2149 213 2179 &
238 2148 357 2179 Articles
377 2148 465 2178 soient
488 2157 536 2186 par
560 2147 621 2185 Luy
646 2145 828 2176 Confermcz
849 2144 882 2174 &
901 2141 1024 2173 Raufiez
1043 2153 1078 2173 en
1095 2143 1200 2173 mesme
1214 2143 1238 2173 la

179 2196 310 2225 manere,
328 2186 432 2217 desouz
455 2186 481 2216 le
502 2186 563 2216 Seal
584 2185 619 2216 de
641 2184 735 2214 nostre
755 2183 796 2213 dit
817 2181 1001 2220 Adversaire,
1018 2183 1051 2214 δε
1066 2182 1241 2212 fermement

178 2225 312 2264 Gardez,
330 2226 363 2256 &
376 2225 484 2256 Tenuz
497 2234 532 2254 en
546 2233 616 2255 touz
631 2223 754 2260 Poinrz,
770 2221 806 2252 de
821 2221 845 2251 sa
861 2221 959 2250 Partie.

217 2264 298 2294 Don.
316 2274 363 2302 par
381 2263 615 2301 Tesmoignance
637 2262 672 2292 de
693 2261 789 2291 nostre
804 2259 897 2290 Grant
911 2258 970 2290 Seal
981 2282 991 2298 ‚
1006 2269 1021 2290 a
1035 2259 1131 2290 nostre
1146 2258 1243 2298 Palays

179 2302 215 2332 de
229 2302 452 2334 Westmonstier
466 2302 493 2332 le
511 2302 569 2333 viii.
585 2302 650 2340 jour
663 2300 698 2331 de
708 2299 821 2338 januer.

742 2377 800 2405 Par
814 2374 838 2404 le
851 2378 901 2406 Roi
916 2373 953 2411 ὠ·
962 2374 1012 2414 fim
1026 2375 1138 2416 Conseil.

432 2508 479 2539 De
499 2504 650 2539 Conduflu
662 2515 715 2549 pro
736 2506 811 2550 Rege
826 2504 989 2536 Navarra.

188 2588 336 2646 REX,
353 2599 401 2627 per
421 2590 528 2620 Literas
547 2589 602 2620 suas
624 2590 750 2620 Patentes
786 2588 872 2626 usque
886 2587 920 2618 ad
936 2587 1051 2618 Festum
1068 2587 1165 2619 Sansti
1181 2587 1243 2618 Mi-

263 2628 364 2658 chaelis
377 2651 386 2665 ,
432 2629 547 2658 ro‘ximo
569 2628 695 2658 futurum
711 2650 720 2664 ,
744 2611 902 2664 ‹iuratur-as,
918 2626 1033 2664 suscepit
1047 2629 1073 2656 in
1091 2628 1194 2657 lhlvum
1210 2627 1244 2658 &

184 2665 314 2696 securum
335 2665 405 2697 Con
427 2667 524 2697 uelum
541 2666 619 2695 suuni
635 2689 644 2699 ,
663 2676 695 2695 ac
713 2667 739 2694 in
757 2665 969 2694 Protccslioneni
984 2668 1017 2696 &
1036 2666 1243 2696 Defensionem

184 2704 263 2735 suam
278 2704 427 2740 specialem
440 2727 450 2742 ,
472 2703 616 2734 Nobilem
632 2706 663 2735 ὃς
682 2703 834 2733 Potentem
849 2702 1028 2742 Prssncipem‚
1045 2704 1177 2734 Kar-olum
1192 2707 1244 2733 Re-

184 2754 245 2780 gem
267 2745 430 2781 Navarrae,
451 2742 606 2780 veniendo,
625 2752 693 2772 cum
709 2741 870 2771 Trescentis
892 2739 1019 2770 Personis
1033 2766 1042 2778 ,
1065 2743 1186 2773 Armatis
1202 2743 1246 2772 vel

188 2791 246 2811 non
263 2781 402 2819 Armatis,
420 2783 450 2811 iri
463 2780 609 2811 Comitiva
624 2781 684 2818 sua,
703 2790 752 2817 per
768 2779 941 2809 Dominium
956 2780 988 2809 δε
1003 2780 1175 2811 Potestatem
1188 2781 1247 2810 Re-

187 2821 244 2859 gis,
263 2821 322 2849 tam
343 2830 391 2857 per
406 2820 528 2850 Terram
544 2842 553 2857 ,
569 2820 655 2857 quiim
671 2829 719 2856 per
738 2818 838 2854 Mare,
857 2817 916 2847 Die
930 2818 961 2848 ὃς
979 2817 1097 2855 Nocte,
1115 2819 1148 2848 ad
1166 2829 1246 2856 quas-

188 2868 313 2895 cumque
335 2868 423 2896 partes
445 2859 493 2887 libi
510 2858 658 2895 placuerit,
674 2857 779 2887 ibidem
794 2855 950 2893 morando,
966 2858 998 2887 &
1016 2858 1118 2886 exinde
1132 2857 1165 2887 ad
1182 2868 1247 2894 pro-

188 2897 244 2933 pria
258 2895 419 2934 redeundo,
437 2907 470 2926 ac
487 2896 601 2933 Equos,
621 2895 773 2933 Herneiia,
793 2895 825 2925 ὃς
842 2894 919 2924 Bona
935 2895 978 2923 sua
993 2905 1190 2933 quzecumquc.

225 2934 312 2964 Teste
328 2935 412 2973 Rege
426 2936 499 2973 apud
515 2934 801 2965 westmonasterium
811 2956 820 2971 ,
838 2932 1015 2963 duodecimo
1029 2933 1214 2971 dieJanuarii.

926 3013 979 3040 Per
994 3009 1144 3041 Concilium.

191 3141 239 3171 De
257 3137 386 3170 ducendo
403 3138 493 3170 Filios
513 3138 614 3169 Caroli
633 3136 668 3169 de
687 3137 764 3169 Blois
781 3137 871 3182 affine
897 3134 1035 3178 Castrum
1055 3134 1090 3168 de
1117 3134 1253 3179 Devifts.

256 3222 322 3290 {AX
350 3221 498 3253 Universis
521 3223 553 3254 &
577 3222 687 3261 singulis
708 3221 933 3253 Vicecomitibus
949 3244 957 3260 ,
984 3221 1019 3253 ad
1042 3230 1112 3259 quos
1126 3220 1188 3251 ὅτε.
1208 3219 1257 3250 Sa-

233 3270 433 3338 Sciziiieanuod
456 3299 668 3339 assignavimus,
687 3297 806 3328 dilectos
820 3299 921 3335 nobis,
940 3296 1094 3327 lValterum
1107 3294 1257 3334 Leicestre,

200 3337 233 3366 ὃ(
254 3338 411 3375 Johmmem
430 3336 572 3370 Ashewell
584 3361 593 3376 ,
621 3337 780 3367 Servientes
802 3335 914 3366 nostros
936 3337 970 3366 ad
994 3336 1083 3366 Arma
1096 3357 1106 3373 ‚
1123 3334 1157 3365 ad
1174 3334 1257 3364 Filios

201 3376 291 3405 Caroli
304 3378 335 3405 de
350 3376 444 3415 Bloys,
460 3376 579 3407 Obsides
595 3375 724 3413 nostros,
743 3375 772 3404 in
789 3373 927 3404 Custodia
943 3373 1073 3404 Nicholai
1087 3371 1257 3403 Daubriche-

202 3421 275 3443 court
285 3436 294 3451 ,
312 3414 447 3445 Custodis
461 3414 551 3445 Castri
565 3414 655 3444 nostri
667 3414 703 3444 de
719 3412 928 3451 Notyngham‚
946 3413 1093 3443 existentes
1105 3434 1115 3449 ‚
1133 3420 1148 3441 a
1162 3410 1259 3449 praefa-

160 3456 184 3472 2·
203 3460 233 3482 to
250 3452 383 3482 Niclwlao
397 3453 628 3483 Daubrichecourt
644 3476 654 3491 ,
678 3452 724 3482 vel
745 3453 802 3490 ejus
817 3451 932 3481 Locum
947 3460 1060 3482 tenente
1074 3449 1198 3486 ibidem,
1217 3459 1260 3478 re-

103 3494 111 3502 *
141 3485 165 3512 ‘l-
200 3491 364 3528 cipiendum
375 3516 384 3529 ,
402 3493 435 3522 &
450 3492 550 3521 exinde
569 3491 656 3529 usque
678 3489 813 3520 Castrum
829 3489 959 3520 nostrum
975 3490 1011 3520 de
1027 3488 1142 3519 Devises
1153 3487 1261 3518 ducen-

201 3530 287 3567 dum,
306 3530 338 3560 &
358 3530 464 3559 ibidem
475 3554 483 3565 ,
501 3530 606 3560 dilecto
622 3530 655 3560 &
677 3528 751 3560 fideli
765 3527 882 3565 nostro,
898 3530 997 3565 Rogero
1010 3528 1042 3557 de
1053 3525 1128 3556 Bello
1143 3529 1258 3564 Campo,

198 3567 323 3635 tCustoidi
337 3568 408 3598 dieti
422 3567 515 3598 Castri
528 3567 563 3612 de
578 3567 713 3606 Devises,
732 3569 760 3597 in
775 3566 878 3597 eodem
891 3566 966 3598 salvo
982 3563 1207 3602 custodiendos',
1226 3564 1259 3593 li-

220 3616 280 3636 61Ἇῖῐῖ
303 3616 352 3635 um

237 3644 280 3674 Ac
296 3644 328 3674 :id
347 3629 471 3688 Cariagia
487 3644 519 3674 &
534 3644 561 3673 V
565 3644 690 3682 ietualia,
709 3654 762 3682 pro
776 3642 926 3674 Du<stione
939 3641 1077 3681 praedista
1092 3639 1260 3679 neceffaria,

201 3690 255 3718 pro
271 3681 401 3712 Denarus
416 3682 516 3712 nostris
527 3682 683 3720 solvendis,

218 3756 222 3761 .
240 3719 368 3749 Necnon
388 3720 422 3750 ad
437 3720 580 3750 Homines
595 3722 623 3750 in
639 3719 759 3756 qualibet
772 3718 863 3756 Villa,
881 3719 930 3750 ubi
944 3729 993 3749 eos
1008 3717 1173 3757 permistare
1188 3726 1260 3746 con-

203 3758 312 3794 tigerit,
328 3758 361 3787 ad
375 3757 547 3796 vigilandum
562 3768 614 3795 pro
629 3758 700 3788 salva
710 3756 850 3787 Custodia
863 3758 1008 3788 diciorum
1016 3756 1158 3788 Obsidum
1174 3755 1260 3793 (Feo-

203 3793 244 3823 do
259 3793 391 3825 Ecclesiae
404 3797 546 3826 dumtaxat
561 3795 695 3833 excepto)
711 3795 896 3833 capiendum,

231 3831 275 3873 *Et
291 3832 324 3861 ad
338 3842 436 3863 omnes
452 3834 614 3872 Homines,
632 3843 705 3872 quos
727 3834 756 3862 in
773 3833 952 3864 Executione
967 3832 1197 3867 Praemifforum,
1217 3831 1262 3860 vel

202 3869 298 3906 aliquo
313 3871 479 3913 eorumdem
488 3895 497 3909 ,
509 3874 664 3903 contrarios
680 3872 855 3909 invenerint,
870 3871 1047 3902 arestandum
1056 3894 1066 3909 ,
1079 3872 1112 3902 &
1124 3870 1263 3909 proximae

203 3907 306 3937 Gaolae
333 3907 389 3938 loci
405 3909 493 3945 illius,
511 3912 560 3940 ubi
581 3911 639 3941 hoc
655 3909 714 3940 fieri
727 3910 900 3946 contigerit,
918 3909 1154 3948 mancipandum,
1173 3908 1202 3936 in
1217 3916 1265 3937 ea—

201 3945 287 3982 dem,
298 3946 452 3988 ·quousque
465 3948 539 3977 aliud
555 3949 620 3978 inde
636 3947 874 3984 ordinaverimus,
893 3957 1068 3978 moraturost

242 3982 279 4013 Et
297 3983 362 4014 ideo
377 3985 459 4014 vobis
474 3986 637 4017 mandamus
652 3984 732 4025 quod
746 3983 869 4023 eisdem,
887 3985 1008 4015 Waltero
1028 3986 1061 4018 &
1074 3983 1219 4024 Johanni,
1235 3984 1265 4013 in

605 77 1413 129 CONVENTIONES,

1470 77 1862 130 LITERAE‚

1275 162 1422 207 praemissis
1434 163 1617 194 omnibus&
1630 163 1740 202 singulis
1754 162 1887 193 faciendis
1901 163 1936 194 ὅ(
1951 171 2002 194 exe
2022 162 2137 202 uendis,
2154 163 2336 196 Intendentes
2350 159 2426 194 Ann.
2440 163 2484 196 D:

1277 205 1332 233 litis
1344 226 1354 240 ,
1379 200 1566 232 consulentes
1579 223 1589 239 ,
1612 200 1828 239 Respondentoe
1841 223 1851 237 ‚
1875 200 1909 231 &
1931 199 1978 235 Au
1998 202 2023 209 '⁴
2061 210 2100 233 tes
2113 226 2123 241 ,
2141 204 2273 241 quotiens
2284 213 2335 241 per
2373 209 2459 241 1377.

1277 241 1407 285 praefatos
1421 265 1431 279 ,
1451 238 1604 284 Waiterum
1625 239 1659 286 ξε
1681 238 1860 277 Johannem,
1875 238 2042 285 velheorum
2062 240 2197 280 alterum,
2215 242 2336 281 fueritis,
2351 240 2417 270 Ἐάν.
2437 251 2462 279 3.

1275 279 1325 348 ve}
1328 279 1426 348 nfucelritt¹
1428 279 1535 347 831ιέ115
1552 277 1684 310 vestrum
1692 299 1701 316 ,
1709 286 1743 307 ex
1756 285 1833 316 parte
1845 275 1958 314 nostra,
1977 279 2114 319 requisiti,
2123 280 2169 312 vel
2181 281 2335 320 requisitus.

1310 327 1406 387 TesteJ
1416 340 1500 394 R'ege
1514 340 1588 393 a'pud
1599 352 1909 392 Westmonasterium‚
1926 352 2044 385 decimo
2055 357 2136 388 tertio
2153 357 2333 398 dieJanuarii.
2362 349 2374 357 ⁴

1968 431 2022 460 Per
2035 430 2117 470 spficm
2125 435 2230 472 Regem.

1330 510 1359 540 T
1379 509 1548 541 Mandatum
1572 509 1613 540 est
1634 507 1752 546 praefato
1772 507 1906 538 Nicholao
1922 533 1931 546 ,
1956 505 2002 538 vel
2024 508 2081 543 ejus
2097 507 2213 540 Locum
2227 513 2332 544 tenenti

1347 548 1454 578 ibidem
1468 574 1478 586 ,
1501 548 1582 586 qubd
1603 547 1694 578 dictos
1709 547 1847 584 Obsides,
1866 546 1986 584 praefatis
2002 545 2124 577 Waltero
2137 548 2171 579 &
2183 547 2331 590 Johanni,

1269 597 1317 624 per
1337 587 1520 618 Indenturam
1542 588 1614 616 inter
1634 586 1653 605 ²*
1676 586 1766 623 ipsum
1788 584 1952 615 Nicholaum
1967 585 2000 616 &
2013 586 2162 624 praefatos,
2182 587 2334 620 Walterum
2347 588 2442 622 ¹¹¹er

1270 625 1303 655 &
1317 625 1478 664 Johannem
1489 650 1501 664 ,
1524 625 1615 655 modo
1627 623 1725 654 debito
1741 623 1951 654 conficiendam
1960 646 1970 662 ‚
1987 624 2085 656 liberet
2097 624 2244 656 ducendos
2253 626 2331 665 juxta
2351 637 2413 666 ¹34-

1270 663 1420 694 Tenorem
1435 665 1594 696 Literarum
1610 662 1698 701 Regis
1709 661 1915 700 praedioarum.
1944 679 1947 682 ·

1284 742 1290 747 ἡ
1308 702 1378 733 Vult
1391 705 1468 747 mim
1484 703 1549 733 Rex
1563 701 1675 745 dictum
1690 700 1852 730 Nicholaum
1866 699 1902 729 de
1917 699 2037 738 praefatis
2049 701 2205 733 Obsidibus
2217 702 2333 772 §ibera-

1270 750 1350 772 tione
1370 741 1415 785 de·
1427 742 1532 772 eisdem
1554 750 1602 779 per
1624 739 1734 770 distinxi
1754 737 1920 769 Nicholaum
1939 739 2014 777 prius
2030 739 2116 777 fasta)
2132 751 2199 780 erga
2246 751 2330 782 egem

1271 789 1425 810 exonerari.

1309 819 1398 849 Teste
1412 827 1444 849 ut
1457 819 1543 856 supra.

1274 895 1363 957 ET
1392 894 1565 926 Mandatum
1588 893 1629 925 est
1650 892 1769 930 praefato
1790 892 1914 931 Rogero
1930 918 1940 932 ,
1965 894 2010 924 vel
2026 894 2084 933 ejus
2099 894 2214 926 Locum
2227 898 2335 928 tenenti

1350 935 1423 974 apud
1438 933 1571 965 Castrum
1585 933 1621 963 de
1637 931 1862 971 Devises,quod
1871 931 1993 963 obfides
2004 934 2065 964 illos
2080 944 2095 964 a
2109 934 2246 972 praefatis‚
2255 935 2334 964 Wal-

1271 980 1328 1002 tero
1349 974 1383 1005 &
1404 972 1535 1012 Johanne
1550 996 1559 1010 ‚
1587 981 1636 1009 per
1658 970 1856 1009 Indenturam,
1874 972 1944 1001 inter
1961 981 2009 1002 eos
2020 972 2112 1003 modo
2127 972 2226 1004 debito
2241 972 2334 1003 confi-

1272 1013 1403 1042 ciendam
1418 1035 1427 1050 ,
1452 1013 1565 1049 recipiat
1580 1033 1589 1049 ‚
1604 1011 1637 1041 δε
1653 1020 1702 1040 eos
1712 1009 1789 1040 salvo
1805 1010 1839 1040 &
1854 1009 1950 1040 secure
1964 1010 2098 1042 custodiri
2114 1010 2212 1051 faciat,
2230 1021 2336 1050 quous-

1276 1060 1332 1088 que
1345 1050 1417 1080 aliud
1431 1050 1497 1080 iride
1513 1060 1528 1080 a
1542 1049 1626 1088 Rege
1641 1048 1769 1079 habuerit
1780 1049 1809 1078 in
1823 1047 1973 1079 Mandatis.

1311 1088 1403 1119 Teste
1417 1097 1446 1120 ut
1458 1090 1545 1127 supra.

1455 1219 1504 1250 De
1521 1214 1736 1249 contribuendo
1750 1214 1795 1248 ad
1809 1214 1962 1262 Expenfizs
1980 1214 2141 1249 Militum.

1276 1304 1332 1360 R
1344 1302 1368 1332 E
1380 1299 1409 1332 X
1436 1302 1609 1333 Vicecomiti
1622 1302 1693 1333 Beds
1707 1301 1840 1333 Salutem.
2353 1300 2429 1332 Ann.
2444 1302 2486 1334 D.

1303 1381 1307 1384 ι
1373 1340 1452 1371 Cum
1466 1340 1698 1372 Communitates
1711 1341 1859 1380 cujussibet
1872 1337 2038 1370 Comitatus
2052 1338 2152 1378 Regni
2167 1337 2257 1370 nostri
2273 1338 2336 1369 An-
2383 1350 2468 1381 1377.

1272 1379 1334 1448 {lice
1358 1380 1391 1409 ad
1413 1380 1552 1420 Expensas
1575 1380 1705 1411 Militum
1719 1404 1729 1417 ,
1756 1380 1790 1410 ad
1810 1378 2030 1410 Parliamentum
2045 1400 2055 1417 ,
2077 1388 2129 1417 pro
2149 1377 2335 1409 Comunitate
2353 1383 2405 1408 An.
2421 1390 2469 1416 50.

1303 1418 1437 1449 omitatfis
1457 1419 1584 1456 praedic‘ti
1600 1442 1609 1456 ‚
1633 1419 1807 1450 venientium
1823 1441 1833 1456 ,
1856 1417 2037 1448 contribuere
2057 1416 2178 1448 debeant
2193 1441 2204 1455 ,
2221 1416 2255 1448 &
2268 1418 2336 1448 totis
2352 1422 2381 1445 Ε.
2406 1428 2431 1455 3.

1273 1458 1448 1494 temporibus
1461 1458 1605 1488 retroactis
1617 1458 1798 1488 contribuere
1810 1455 2023 1493 consueverint,
2349 1456 2474 1493 Clausso
2482 1478 2489 1485 .

1311 1495 1355 1525 Ac
1368 1496 1426 1533 jam
1442 1496 1657 1527 intellexerimus
1673 1495 1752 1534 quod
1767 1495 1880 1532 Egidius
1894 1494 2055 1534 Daubeneye
2069 1491 2107 1527 ὠ·
2121 1492 2200 1523 Falco
2213 1494 2333 1524 dePem-
2348 1501 2378 1524 Ε.
2391 1505 2416 1533 3.
2425 1503 2450 1534 p.
2461 1502 2489 1532 24

1273 1533 1371 1571 brugge
1382 1557 1391 1572 ,
1408 1535 1531 1565 Domini
1549 1534 1671 1565 Manerii
1682 1534 1718 1565 de
1733 1533 1897 1571 Kempston
1912 1533 1943 1562 in
1958 1531 2108 1563 Comiiaru
2121 1532 2280 1572 praedksto,
2352 1545 2389 1564 m.
2404 1542 2436 1570 4«

1310 1572 1520 1604 Prietendentes
1534 1574 1570 1604 Se
1586 1574 1619 1604 &
1633 1574 1779 1604 Tenentes
1791 1571 1870 1610 suos,
1890 1571 2010 1601 Liberos
2021 1571 2055 1602 &
2071 1570 2198 1601 Nativos
2211 1571 2337 1602 Manerii

1273 1611 1402 1649 praediffl
1417 1635 1426 1650 ,
1451 1611 1486 1642 de
1506 1611 1733 1643 Contributione
1754 1609 1914 1649 hujusmodi
1935 1608 2128 1648 Expensarum
2148 1610 2258 1648 quietos
2277 1610 2337 1642 esse

1276 1650 1398 1688 debere,
1416 1660 1484 1680 cum
1500 1660 1560 1680 non
1573 1650 1704 1688 existant,

1315 1687 1446 1726 Expeniis
1467 1688 1598 1718 Militum
1613 1711 1622 1727 ,
1645 1689 1680 1719 ad
1700 1687 1836 1718 ultimum
1857 1687 2079 1717 Parliamentum
2101 1685 2232 1717 nostrum
2246 1709 2257 1725 ‚
2281 1696 2337 1725 pro

1278 1725 1465 1758 Comunitate
1486 1726 1553 1757 dieti
1576 1725 1740 1758 Comitatus
1755 1748 1765 1764 ,
1787 1726 1980 1763 venientium,
1999 1725 2181 1755 contribuere
2195 1725 2338 1756 contradi-

1277 1775 1366 1804 cunt,
1382 1766 1415 1796 ὃ(
1437 1766 1525 1796 libere
1545 1765 1692 1796 Tenentes
1709 1775 1743 1796 ac
1758 1764 1884 1795 Nativos
1898 1763 1960 1794 suos
1977 1762 2101 1793 Manerii
2113 1763 2258 1802 praedic’ti,
2276 1773 2337 1802 quo

1278 1806 1371 1835 minus
1393 1804 1526 1842 Expensis
1545 1804 1597 1834 illis
1618 1804 1801 1835 contribuere
1819 1802 1928 1833 valeant
1942 1824 1952 1841 ‚
1979 1809 2063 1840 prout
2082 1801 2118 1832 de
2127 1801 2190 1840 jure
2201 1801 2340 1842 debeant,

1277 1843 1438 1912 imlpfzdiunt
1451 1843 1485 1875 &
1499 1842 1663 1884 perturbant
1676 1842 1801 1874 indebite
1815 1842 1849 1874 &
1864 1840 1983 1880 injuste,

1349 1892 1382 1912 os

1315 1907 1499 1952 Atter’identes
1511 1919 1593 1960 quod
1606 1930 1708 1951 omnes
1722 1918 1850 1950 Domini
1857 1918 2057 1949 Maneriorum
2071 1917 2105 1949 &
2118 1915 2273 1956 Villamm,
2292 1918 2342 1957 qui

1275 1958 1400 1990 Barones
1414 1970 1473 1991 non
1487 1960 1625 1999 existunt,
1642 1960 1676 1991 &
1692 1959 1741 1998 qui
1754 1957 1788 1989 ad
1805 1957 2027 1988 Parliamentum
2042 1955 2191 1995 nostrum,
2209 1957 2246 1987 de
2253 1955 2343 1988 Man-

1276 1998 1343 2029 dato
1363 1999 1463 2030 nostro
1476 2021 1486 2036 ‚
1510 2009 1572 2029 non
1594 1999 1712 2029 veniunt
1757 2006 1812 2027 nec
1834 1996 1872 2027 de
1887 1997 1948 2035 jure
1965 1996 2061 2026 venire
2077 1995 2273 2025 consueverint
2308 2004 2343 2026 ac

1276 2047 1377 2068 omnes
1399 2037 1488 2069 libere
1503 2036 1652 2069 Tenentes
1672 2037 1706 2068 &
1720 2021 1824 2068 Nativi
1838 2034 1893 2073 sui,
1911 2033 2070 2074 hujusmodi
2084 2032 2217 2072 Expensis
2230 2033 2267 2064 de
2295 2043 2344 2065 ure

1277 2076 1460 2108 contribuere
1473 2076 1611 2114 debeant,

1317 2115 1354 2146 Et
1377 2117 1440 2154 quia
1461 2114 1568 2154 praefati
1579 2139 1589 2153 ,
1619 2114 1730 2152 Egidius
1749 2113 1784 2144 &
1799 2110 1877 2142 Fulco
1893 2135 1903 2151 ,
1921 2110 2044 2142 Barones
2060 2121 2119 2142 non
2132 2110 2270 2148 existunt,
2288 2120 2343 2142 nee

1279 2153 1314 2196 ad
1334 2154 1467 2185 ultimum
1481 2153 1701 2184 Parliamentum
1715 2151 1848 2183 nostrum
1869 2149 1905 2182 de
1919 2149 2060 2182 Mandato
2074 2149 2173 2181 nostro
2186 2159 2343 2188 venerunt,

1280 2195 1350 2224 iicut
1365 2193 1424 2224 satis
1440 2193 1522 2224 nobis
1534 2191 1663 2230 const'at,

1318 2231 1390 2262 Tibi
1403 2232 1585 2270 praecipimus
1599 2230 1679 2269 quod
1693 2228 1862 2269 praedstkos,
1882 2228 2009 2266 Egidium
2022 2227 2057 2259 &
2071 2226 2226 2266 Falconem,
2241 2237 2275 2258 ac
2289 2227 2345 2258 sin-

1279 2270 1361 2309 gulos
1383 2270 1528 2301 Tenentes
1550 2269 1753 2308 praedictorum
1769 2269 1863 2305 Egidii
1876 2268 1910 2299 &
1924 2266 2043 2297 Falconis
2057 2264 2223 2297 Comitatus
2237 2266 2341 2304 praedi-

1280 2310 1336 2346 cti,
1356 2309 1415 2340 tam
1440 2309 1559 2340 Liberos
1573 2332 1583 2347 ,
1609 2310 1696 2347 quam
1724 2306 1871 2344 Nativos,
1894 2305 1930 2336 ad
1950 2305 2191 2336 contribuendum
2211 2303 2346 2342 Expenfis

1281 2347 1430 2386 Militum,
1448 2349 1482 2379 ad
1503 2347 1637 2378 ultimum
1656 2346 1894 2383 Parliamentum,
1912 2353 1965 2382 pro
1979 2343 2165 2374 Comunitate
2178 2341 2345 2374 Comitatus

1282 2386 1427 2424 praediffi,
1447 2386 1642 2424 venientium,
1661 2385 1730 2416 sicut
1743 2386 1776 2416 ὃς
1791 2392 1910 2414 caeteros
1925 2381 2069 2413 Homines
2086 2381 2289 2419 &Tenentes,
2307 2380 2344 2411 de

1281 2426 1467 2456 Comunitate
1487 2423 1653 2456 Comitatus
1672 2422 1801 2463 praedieti
1815 2445 1826 2461 ,
1851 2421 2021 2460 compellas,
2039 2429 2124 2460 prout
2132 2420 2200 2459 juris
2212 2419 2295 2451 fuerit
2311 2420 2346 2451 ὃς

1279 2473 1402 2494 rationis.

1318 2502 1407 2533 Teste
1423 2501 1505 2540 Rege
1519 2501 1594 2539 apud
1608 2499 1918 2537 Westmonasterinrn,
1937 2498 1992 2529 xvi.
2011 2496 2055 2528 die
2066 2496 2197 2535 Januarii.

1281 2631 1328 2662 Do
1344 2626 1486 2671 Potestate
1501 2626 1650 2674 commrffiz
1662 2654 1671 2670 ‚
1697 2625 1849 2659 Richardo
1870 2627 2003 2670 Principi
2022 2623 2131 2659 PValliae
2143 2650 2153 2665 ‚
2177 2621 2222 2655 ad
2239 2620 2349 2656 Incho-

1623 2675 1739 2709 andum
1759 2676 2012 2709 Parliamentum.

1287 2759 1413 2823 REX
1440 2762 1682 2801 Archiepiscopis,
1702 2760 1865 2800 Episcopis‚
1884 2758 2058 2795 Abbatibus,
2076 2754 2349 2799 PrioribushDuci-
2367 2759 2443 2790 Αῃῃ,
2458 2758 2499 2790 D,

1358 2804 1426 2840 bus,
1441 2800 1621 2839 Comitibus,
1641 2800 1795 2831 Batonibus
1809 2823 1818 2838 ,
1838 2797 1979 2829 Militibus
1993 2821 2003 2835 ,
2024 2796 2058 2827 &
2074 2796 2208 2826 omnibus
2219 2795 2294 2832 aliis,
2312 2792 2347 2823 ad
2386 2806 2471 2839 ¹377·

1286 2841 1388 2871 instans
1411 2840 1631 2871 Parliamentum
1652 2838 1782 2870 nostrum
1796 2861 1806 2877 ,
1823 2836 1897 2876 apud
1913 2834 2205 2867 Westmonasterium
2219 2832 2346 2863 summo-
2363 2841 2417 2865 An,
2435 2846 2483 2872 50,

1286 2882 1397 2918 nitum,
1415 2880 1615 2916 conventuris,
1632 2878 1769 2908 Salutem.
2134 2910 2139 2915 ι
2155 2910 2160 2915 ,
2197 2910 2201 2914 Ι
2291 2908 2299 2916 ,
2363 2880 2395 2903 E.
2416 2884 2441 2911 3.

1323 2918 1404 2948 Cum
1417 2942 1426 2955 ,
1453 2926 1486 2948 ex
1506 2918 1588 2947 certis
1608 2916 1694 2947 causis
1705 2938 1714 2953 ,
1736 2915 1821 2945 simus
1835 2914 1869 2944 ad
1884 2912 2002 2951 praesens
2016 2909 2179 2952 praepediti,
2194 2917 2232 2939 ita
2247 2906 2346 2945 quod,
2365 2917 2422 2941 Par.
2438 2921 2484 2947 50·

1286 2956 1320 2986 ad
1335 2958 1458 2994 primum
1472 2955 1549 2985 diem
1564 2955 1632 2984 dicti
1646 2954 1840 2990 parliamenti,
1856 2952 1890 2982 ad
1906 2951 2021 2981 Locum
2034 2948 2204 2987 praedictum
2218 2945 2348 2984 persona·
2366 2955 2393 2978 Ε,
2409 2960 2479 2988 3·'⁷¹-

1286 2996 1349 3025 liter
1364 3004 1425 3025 non
1440 2995 1594 3031 poterimus
1608 2991 1751 3030 interesse,
2190 3023 2195 3028 ,
2265 3022 2270 3027 ¹
2313 3022 2317 3027 ,
2333 3022 2349 3027 ..
2365 3000 2413 3026 4¹·

1327 3033 1376 3063 De
1399 3031 1671 3069 Circumspeffionis
1692 3031 1725 3061 ὅ(
1746 3027 1892 3059 industriae
1917 3024 2126 3065 magnitudine,
2141 3021 2272 3053 cariffimi
2286 3021 2351 3066 Filii

1292 3071 1398 3108 nostri,
1417 3070 1547 3100 Richardi
1566 3071 1695 3106 Principis
1719 3066 1828 3097 Hsalliae
1844 3089 1854 3103 ,
1880 3064 1972 3095 Ducis
1986 3063 2161 3100 Cornubiae,
2179 3061 2212 3092 &
2225 3059 2353 3091 Comitis

1293 3109 1430 3146 Cestriae,
1448 3109 1562 3146 plenam
1577 3106 1709 3137 fiduciam
1724 3116 1753 3136 re
1773 3113 1909 3141 ortanteS,

1331 3148 1433 3178 Eidem
1456 3147 1528 3176 Filio
1549 3145 1647 3175 nostro
1661 3169 1671 3182 ,
1696 3144 1731 3174 ad
1769 3143 1962 3173 arliamentum
1978 3139 2166 3179 praediolum,
2183 3137 2283 3168 nostro
2299 3146 2356 3168 no-

1294 3187 1372 3216 mine
1387 3210 1396 3222 ,
1419 3184 1619 3214 Inchoandum
1634 3206 1644 3221 ,
1659 3184 1701 3214 ·&
1715 3182 1750 3213 ad
1761 3180 1921 3212 faciendum
1935 3189 1984 3217 ea,
2002 3188 2066 3217 quae
2079 3188 2132 3216 pro
2145 3175 2243 3221 Nobis
2256 3177 2291 3207 &
2303 3184 2354 3213 per

1294 3224 1363 3255 Nos
1377 3225 1483 3253 ibidem
1494 3221 1619 3252 facienda
1631 3222 1751 3260 fuerint,
1770 3221 1901 3258 plenam,
1918 3219 2038 3249 Tenore
2053 3215 2253 3253 Praesennum,
2271 3224 2356 3245 com-

1295 3263 1432 3293 mittimus
1449 3260 1636 3291 Potestatem:

1334 3300 1371 3331 Et
1384 3300 1450 3330 ideo
1463 3299 1545 3329 vobis
1561 3298 1727 3329 mandamus
1743 3296 1823 3336 quod
1836 3296 1931 3327 eidem
1953 3296 2073 3333 Principt‘
2087 3291 2267 3323 Intendentes
2287 3289 2360 3328 sitiS,

1294 3342 1322 3371 in
1338 3338 1506 3374 Praemiffis,
1524 3339 1552 3367 in
1566 3338 1658 3368 forma
1670 3336 1814 3375 praedicta.

1335 3378 1369 3408 In
1384 3378 1464 3415 cujus
1479 3376 1539 3407 &c.
2218 3407 2234 3412 ..

1337 3415 1428 3448 Teste
1444 3415 1527 3453 Rege
1541 3414 1616 3452 apud
1629 3413 1801 3453 Haveryng,
1818 3411 1953 3444 vicesimo
1967 3409 2044 3440 sexto
2056 3407 2102 3439 die
2111 3407 2246 3447 Januaru.

1987 3487 2042 3515 Per
2055 3483 2135 3524 ipfitm
2147 3485 2253 3521 Regem.

2374 3621 2390 3637 ¹¹¹
2415 3621 2484 3649 vn.

2379 3667 2442 3695 ¹35⁸

1301 3714 1437 3770 REX,
1455 3725 1503 3752 per
1519 3714 1628 3744 Literas
1640 3713 1698 3744 suas
1711 3711 1858 3750 Parentes,
1876 3711 1964 3749 usque
1976 3709 2011 3741 ad
2028 3708 2142 3740 Festum
2156 3702 2356 3741 Pentecostes,
2376 3695 2453 3727 Ann·
2463 3694 2504 3725 D·

1379 3754 1513 3791 proximo
1529 3753 1674 3790 futurum,
1692 3751 1848 3789 duraturas,
1866 3749 1983 3788 suscepit
2005 3749 2033 3778 in
2057 3747 2161 3777 {alvum
2181 3742 2357 3786 &securum
2406 3742 2491 3774 1377·

1301 3790 1490 3821 Conductum
1514 3792 1608 3827 suum,
1627 3789 1786 3828 Johannem
1809 3789 1840 3819 de
1861 3786 1995 3828 Neyvill‚
2014 3783 2148 3815 Chivaler
2163 3780 2204 3824 'de
2224 3780 2358 3818 Francia,
2376 3777 2429 3801 An.
2443 3782 2490 3809 50·

1302 3828 1489 3860 Prisonarium
1502 3830 1630 3858 Guidonis
1642 3832 1758 3866 Briene,
1777 3829 1807 3857 in
1821 3827 1959 3866 Regnum
1972 3824 2062 3891 Reffis
2084 3819 2212 3867 Anghae,
2230 3829 2282 3857 pro
2298 3818 2359 3862 Re·
2378 3816 2407 3839 E.
2425 3821 2451 3848 3·

1303 3868 1469 3906 demptione
1484 3868 1564 3905 ipsius
1577 3866 1733 3905 Johanm‘s,
1752 3864 1870 3904 praefato
1884 3863 2001 3893 Guidoni
2022 3858 2163 3906 olvenda,
2182 3868 2231 3896 per
2251 3857 2360 3888 Domi·
2378 3853 2510 3883 Fran-50·

1303 3907 1384 3936 nium
1404 3907 1436 3936 ὅ(
1458 3905 1632 3936 Potestatem
1653 3905 1761 3942 Regis,
1778 3903 1838 3934 tam
1860 3912 1909 3940 per
1927 3901 2050 3930 Terram
2086 3907 2173 3935 quarn
2196 3906 2244 3935 per
2259 3894 2361 3933 Mare,
2379 3892 2446 3924 ΒΞ·
2459 3895 2494 3915 m·

1304 3944 1463 3981 veniendo,
1482 3953 1549 3974 cum
1565 3943 1698 3981 Qatuor
1713 3941 1832 3973 Valettis
1844 3941 1878 3971 δε
1895 3938 2033 3977 Quinque
2046 3921 2134 3974 liquis
2149 3934 2231 3974 ipfius
2248 3933 2362 3974 Johan-
2383 3935 2411 3961 7·

1303 3985 1362 4019 nis,
1380 3982 1413 4012 ὃς
1427 3981 1529 4013 exinde
1546 3980 1581 4012 ad
1594 3989 1685 4020 partes
1698 3980 1824 4011 Franciae
1839 3973 1992 4008 redeundo.
2277 4006 2369 4040 Teste

1598 3623 1625 3649 ἔ*
1653 3628 1710 3658 Pro
1729 3623 1898 3668 Prisbnario
1917 3623 2057 3655 Franciae.
