2561 4251
63 1604 80 1619 θ
96 1602 164 1629 viI.

63 1650 129 1677 5¹4·

198 180 278 207 200

47 249 308 321 Anng.61).gostro,
326 249 371 280 seu
385 249 441 286 ejus
457 244 623 283 Deputatis,
643 232 822 280 Petendum,
840 238 1038 279 Exigendum,
1053 238 1087 268 &
1104 234 1261 274 Recipien-

71 299 104 328 13
152 312 157 319 .
215 299 283 327 um,

47 330 99 357 mc.
121 338 146 356 2.

231 327 400 362 Caetcraque
414 332 512 353 omnia
528 323 562 353 &
577 320 693 358 Singula
709 317 882 349 Faciendum
892 339 901 354 ,
917 313 1134 352 Exercendum,
1152 314 1186 345 ὃ(
1201 311 1260 342 Eit-

194 365 366 407 pediendurn
383 386 391 397 ,
417 371 479 400 qzioe
501 362 531 391 in
552 358 698 398 praemisfis
719 359 751 388 &
774 358 850 386 circa
870 365 902 385 ea
924 353 1074 384 necessaria
1094 352 1198 383 fuerint
1211 351 1259 394 seu

192 401 415 444 quomodolibet
436 407 598 437 opportuna
613 421 622 436 ,
647 407 679 426 ac
705 404 768 434 quae
792 394 904 432 qualitas
925 394 958 423 ὅτ.
979 401 1076 422 natura
1098 390 1261 428 hujusmodi

195 445 307 481 exigunt
324 441 356 470 &
374 440 535 476 requirunt,
552 447 585 466 ac
601 445 665 474 qniae
679 433 839 470 nosmetipsi
857 433 950 462 facere
965 431 1110 468 possemus
1127 430 1145 459 si
1166 427 1261 466 perso-

194 482 290 513 naliter
307 478 514 514 iuteressemus,
533 477 616 505 etiarn
634 474 653 503 si
665 473 726 503 talia
740 473 835 502 forent
850 481 914 509 quie
931 469 1101 500 Mandatum
1117 469 1263 506 exigerent

196 526 462 559 quantumcumque
477 514 608 552 speciale,
1242 544 1247 549 .

232 557 309 595 Ipsos
321 578 330 593 ,
357 554 515 591 iohannem
534 554 566 583 δε
592 550 803 587 willielmum,
818 548 930 579 nostros
945 548 1090 586 legitimos
1102 546 1136 576 &
1148 544 1264 576 indubi-

195 605 267 628 tatos
286 594 499 629 Procuratores,
521 590 724 626 Negotiorum
739 588 879 627 gestor-es,
896 586 1116 618 Commiffarios
1134 606 1143 622 ,
1162 583 1265 621 Depu-

196 644 268 665 tatos
281 657 291 672 ,
313 633 346 663 &
367 631 500 661 Nuncios
522 628 650 666 speciales
674 628 822 665 Facimus,
841 625 997 664 Creamus,
1015 624 1211 660 ordinamus,
1229 622 1264 653 ὃ(

197 673 407 704 Constitiiimus
422 679 471 707 per
483 668 644 707 praesentes,

236 711 440 741 promittentes
455 731 464 746 ‚
489 706 568 737 bona
592 705 647 736 fide
662 706 695 736 &
711 705 739 734 in
755 704 855 735 Verbo
874 704 988 743 Regio,
1007 711 1040 732 ac
1058 701 1108 731 sub
1124 699 1264 741 ypotheca

198 750 424 787 &obligatione
444 747 577 776 omniurn
597 745 742 774 Bonorum
752 740 1120 780 nostrorum,praesentium
1138 741 1171 770 &
1188 738 1267 768 futu·

198 799 316 824 rorum,
333 797 386 816 nos
400 785 506 816 Ratum
522 786 556 816 &
571 784 695 814 Gratum
713 784 852 819 perpetuo
873 782 1015 812 habituros
1037 777 1172 817 quicquid
1187 800 1197 816 ,
1216 786 1266 814 per

197 828 291 859 distos
300 826 500 856 Procuratores
516 823 628 852 nostros
636 845 645 860 ,
656 821 764 851 A&um
774 845 782 857 ,
793 820 919 851 Gestum
927 844 936 857 ,
946 819 991 849 seu
1001 817 1189 848 Procuratum
1205 816 1267 845 fue-

200 867 235 897 rit
252 867 280 895 in
301 862 453 895 Praemiffis
474 863 506 893 ὅ(
530 861 644 898 singulis
658 859 888 897 Praemissorum3
907 859 964 888 aliis
981 857 1122 888 Mandatis
1135 856 1180 886 seu
1196 854 1269 885 Pro-

200 905 346 937 curatoriis
359 902 459 933 nostris
469 903 496 930 in
511 900 560 930 suo
576 900 778 930 nichilominus
793 899 897 929 robore
912 897 1046 927 duraturis
1057 919 1066 932 ,

238 943 273 974 In
301 943 381 982 cujus
406 942 445 972 rei
463 939 681 971 Testimonium
702 937 807 968 Literas
823 936 929 967 nostras
940 934 1000 965 fieri
1014 934 1135 964 fecimus
1147 932 1195 963 has
1210 932 1265 962 Pa-

202 990 301 1014 tentes.

237 1059 307 1090 Dat.
325 1058 399 1096 apud
422 1055 567 1095 Kingestan
590 1058 667 1095 Lacy
682 1077 692 1094 ,
717 1054 767 1085 sub
788 1052 875 1092 sigillo
889 1051 988 1083 nostro
1004 1058 1128 1093 magno,
1146 1048 1204 1079 viii.
1222 1047 1269 1077 die

201 1098 313 1175 {eigai}
328 1097 437 1167 SAeprgis
451 1121 460 1135 ,
484 1096 571 1126 Anno
586 1093 714 1126 Domini
728 1092 902 1131 Milleiimo‚
917 1092 1155 1126 Trecentesimo,
1172 1086 1271 1117 oeco-

202 1216 300 1250 Yimor
321 1225 424 1246 autem
449 1210 600 1254 Potestatis
618 1211 675 1256 ſsu
702 1211 909 1244 Procuratorii
926 1235 935 1251 ‚
962 1218 1017 1254 per
1040 1202 1274 1248 Ambaffi'atores

248 1267 285 1301 (ῤ’
318 1265 454 1295 Nuncios
483 1264 607 1293 Domini
630 1257 716 1302 nestri
747 1262 830 1305 Regis
856 1258 972 1303 Angliic
990 1252 1138 1297 exhibiti,
1163 1252 1198 1286 de
1214 1264 1272 1299 quo

241 1313 381 1358 superius
396 1314 504 1343 mentio
522 1307 689 1341 habebatur
701 1335 711 1350 ‚
729 1307 872 1353 sbquitur
891 1308 927 1344 (ῤ’
945 1303 982 1348 est
999 1305 1082 1337 talis.

210 1396 492 1454 Rlcnsiums
508 1418 518 1433 ,
544 1394 601 1425 Dei
623 1392 723 1425 Gratia
737 1415 746 1431 ‚
764 1392 847 1423 Rex
866 1391 1008 1423 Auem
1027 1398 1054 1420 ss.
1077 1390 1111 1420 &
1139 1388 1276 1432 Freiri-

284 1445 377 1473 ctAE,
397 1436 430 1465 ὃς
451 1434 599 1465 Dominus
619 1432 767 1463 Hiberuiae
785 1454 796 1470 ,
814 1430 978 1468 Omnibus,
995 1428 1029 1459 ad
1042 1438 1114 1467 quos
1129 1431 1276 1466 praesentes

209 1474 325 1505 Litterae
341 1474 538 1513 pervenerint,
557 1472 690 1502 Salutem.

246 1513 367 1544 Notum
383 1513 466 1543 vobis
479 1512 599 1542 facimus
613 1510 713 1549 quud,

246 1551 294 1583 De
311 1551 442 1582 fidelitate
465 1549 582 1588 probarit
599 1572 608 1588 ,
634 1547 768 1580 industrii
782 1572 791 1585 ,
811 1547 845 1578 δε
861 1545 1120 1583 circumspecstione
1133 1544 1277 1582 providis,

208 1590 382 1621 diledmrum
398 1591 431 1622 St
449 1589 573 1619 fidelium
587 1587 772 1625 nostrorum,
793 1586 903 1615 Ricardi
918 1589 931 1602 ¹⁴
945 1584 1119 1622 Atterbury,
1139 1583 1280 1622 Johanm'r

210 1629 361 1660 Clauvowe
377 1652 387 1668 ,
408 1628 554 1665 Militum,
573 1628 607 1659 &
623 1625 754 1666 Magistri
768 1624 880 1655 Ricardi
892 1622 1014 1654 Rouhale
1031 1624 1144 1662 Legum
1158 1622 1277 1652 Dodto-

210 1669 246 1699 ris
261 1667 421 1706 plenissime
437 1666 630 1703 considentes,

249 1707 295 1737 Ad
315 1706 512 1738 Trafitandum
528 1729 536 1742 ,
562 1702 806 1734 conveniendum
821 1726 831 1740 ,
857 1703 891 1733 &
916 1699 1167 1732 Concordandum
1188 1708 1256 1730 cum
1270 1721 1280 1736 ,

210 1744 395 1777 Serenissimo
416 1743 548 1781 Principe
563 1767 572 1781 ,
596 1742 702 1773 Patruo
727 1740 826 1772 nostro
839 1764 849 1779 ,
870 1739 1004 1778 Johanne
1017 1742 1085 1777 Rege
1101 1736 1223 1778 Castellae
1239 1736 1278 1771 ό·

211 1787 339 1822 Legionis
357 1794 391 1814 ac
415 1782 501 1813 Duce
527 1780 697 1812 Lancastriae
713 1803 722 1818 ,
745 1781 791 1810 seu
810 1781 844 1810 ad
863 1780 921 1809 hoc
943 1788 993 1816 per
1019 1788 1086 1808 eum
1108 1776 1256 1816 Deputatis
1271 1799 1281 1814 ,

211 1820 383 1856 Mandatum
400 1820 539 1852 sufficiens
555 1820 742 1857 habentibus,
756 1818 838 1854 super
851 1817 1076 1857 quibuscumque
1092 1815 1184 1856 Ligis,
1197 1814 1282 1846 Con-

209 1861 510 1898 foederarionibus‚&
526 1858 668 1891 Amicitiis
682 1859 753 1888 inter
767 1856 854 1894 Nos,
871 1855 1007 1887 Subditos
1021 1854 1136 1886 nostros
1149 1879 1159 1892 ,
1179 1854 1282 1893 Regna

210 1901 244 1933 δε
270 1900 408 1931 Dominii
431 1897 525 1929 nostra
546 1906 754 1936 quaecumque,
772 1905 806 1926 ex
821 1905 893 1933 una,
912 1894 1050 1932 &ipsum
1065 1892 1279 1924 Serenissimum

210 1941 245 1972 ὅτ
261 1938 456 1977 praedilet'ium
479 1935 609 1967 nostrum
632 1934 788 1973 Patruum,
803 1933 939 1966 Subditos
955 1933 1036 1971 suos,
1053 1932 1156 1972 Regna
1168 1932 1201 1964 &
1215 1930 1283 1962 Do-

211 1980 298 2009 mina
312 1977 356 2008 sua
372 1986 581 2015 quaecumque,
598 1984 631 2005 ex
644 1975 727 2005 altera
742 1982 837 2012 parte,

247 2017 293 2047 Ac
313 2017 395 2046 etiam
419 2015 455 2046 de
473 2015 564 2045 modo
585 2015 617 2046 &
639 2014 732 2044 forma
747 2013 780 2043 &
797 2012 947 2051 quantitate
964 2011 1084 2049 Auxilii,
1104 2009 1278 2041 Subventio-

210 2056 253 2127 §itis
268 2078 277 2093 ,
288 2054 348 2124 dseu
369 2054 489 2085 Subsidii
502 2078 512 2092 ,
538 2054 606 2084 hinc
623 2051 704 2091 inde,
723 2061 855 2090 tempore
872 2050 1058 2089 necessitatis,
1077 2051 1182 2080 mutuo
1199 2049 1284 2079 mini-

239 2104 285 2125 ran
308 2103 393 2124 orum

248 2131 285 2164 Et
308 2133 343 2163 de
364 2117 689 2162 Cdmmunicationibus
706 2131 778 2161 inter
791 2129 946 2169 sabditos,
962 2129 1030 2161 hinc
1045 2127 1130 2166 inde,
1147 2127 1177 2158 in
1192 2124 1278 2157 Mer-

212 2172 345 2205 cimoniis
358 2171 390 2202 &
406 2171 463 2200 aliis
477 2171 561 2206 licitis
569 2170 664 2201 secure
679 2169 830 2206 faciendis,

251 2209 385 2241 Necnon
407 2210 485 2248 super
507 2210 642 2239 omnibus
663 2209 697 2239 &
722 2208 832 2247 singulis
845 2205 997 2246 Articulis,
1015 2213 1283 2245 quantumcumque

213 2250 375 2288 specialibus
388 2271 398 2287 ,
422 2250 470 2287 qui
495 2248 599 2287 Ligas,
627 2246 898 2278 Confoederationes
914 2269 923 2285 ,
947 2246 994 2277 seu
1014 2246 1161 2276 Amicitias
1176 2266 1186 2282 ,
1210 2245 1284 2274 inter

214 2288 282 2323 Nos
311 2288 345 2320 ὅ(
374 2287 544 2325 praedicftum
568 2286 782 2318 Sereniffirnum
803 2285 967 2323 Principem
989 2283 1127 2316 Patruum
1151 2281 1283 2313 nostrum

214 2326 364 2359 firmandas
380 2349 390 2365 ‚
411 2335 587 2357 concernere
608 2334 741 2364 poterunt
762 2326 863 2363 quovis
885 2323 992 2361 modo,
1012 2333 1082 2354 cum
1096 2331 1198 2354 eorum
1212 2322 1283 2352 inci-

215 2365 362 2404 dennbus,
381 2365 607 2404 emergentibus,
622 2363 862 2402 dependentibus,
882 2363 915 2393 &
930 2364 1062 2401 annexis,

252 2404 298 2435 Ac
321 2405 435 2442 omnia,
454 2413 519 2442 quae
539 2403 575 2433 lic
597 2403 732 2434 Tractata
747 2425 756 2440 ‚
781 2401 984 2439 Concordata,
1004 2401 1038 2432 &
1053 2400 1210 2435 Conventa
1222 2402 1283 2434 fue-

217 2444 376 2511 rint,dcum
397 2445 480 2473 omni
501 2442 645 2473 securitate
659 2466 669 2481 ,
684 2440 781 2472 debiti
797 2441 830 2472 &
845 2440 984 2478 honesta,
1002 2441 1031 2470 in
1050 2441 1106 2472 hoc
1123 2441 1205 2481 casu,
1222 2441 1284 2472 Fir-

219 2492 284 2513 mau
307 2492 356 2512 um

256 2506 504 2558 Consimilemque
526 2519 712 2551 Securitatem
727 2543 736 2556 ,
764 2528 817 2556 pro
840 2517 940 2548 Nobis
959 2517 993 2549 δε
1013 2519 1134 2549 nomine
1158 2517 1259 2549 nostro
1274 2541 1284 2557 ,

220 2557 397 2597 Petendum,
415 2559 611 2596 stipulandum
622 2583 631 2596 ,
651 2560 684 2590 ὃς
701 2556 927 2595 Recipiendum‚

251 2598 468 2636 Jurandumque
491 2599 519 2627 in
542 2597 677 2627 Animam
699 2596 825 2626 nostram
849 2596 929 2633 quod
942 2595 1093 2634 Trastata,
1111 2595 1285 2634 Conventa,

221 2637 255 2667 ὃ(
276 2636 459 2666 Concor-data
481 2635 639 2673 hujusmodi
663 2635 733 2665 Rata
756 2635 921 2664 habebimus
938 2636 971 2665 ἃ
987 2634 1093 2673 Grata,
1112 2644 1166 2665 nec
1180 2634 1287 2672 aliquid

220 2676 440 2712 procurabimus
464 2674 507 2703 vel
532 2673 666 2703 faciemus
681 2696 689 2709 ,
718 2683 764 2710 pei·
788 2673 865 2710 quod
884 2673 1019 2703 Tractara
1039 2674 1072 2704 ὅ(
1102 2673 1287 2704 Concordata

222 2713 381 2783 ἓψμίίηοάἰ
397 2712 503 2743 eii‘ec‘lu
520 2712 618 2743 debito
633 2711 753 2742 frustrari
767 2712 891 2748 poterint
903 2711 948 2742 seu
965 2711 1186 2750 quomodolibet
1197 2713 1288 2751 impe-

221 2760 224 2764 *
245 2763 294 2790 iri,

262 2791 307 2821 Ac
323 2790 521 2828 Juramentum
544 2788 692 2820 consimile
709 2789 745 2819 ab
767 2787 870 2818 eodem
887 2786 1070 2818 Serenisfimo
1087 2787 1182 2819 Princi
1205 2799 1219 2819 e
1233 2788 1289 2819 Pa-

220 2837 288 2874 truo
303 2829 401 2898 rigstro
410 2852 420 2868 ,
440 2829 486 2860 seu
499 2830 556 2867 ejus
571 2828 738 2866 Deputatis,
756 2826 917 2858 Petendum
927 2851 936 2865 ,
955 2826 1138 2866 Exigendum
1152 2849 1162 2865 ,
1229 2828 1290 2858 Re-

223 2879 272 2906 cip
282 2879 316 2898 en
340 2878 405 2906 um,

263 2906 430 2945 Carteraque
449 2907 546 2937 omnia
568 2906 601 2936 ὃς
624 2905 727 2944 singula
740 2904 931 2942 Faciendum,
949 2902 1166 2941 Exercendum,
1185 2904 1219 2934 &
1232 2903 1289 2934 Ex-

224 2946 398 2987 pediendum
416 2955 479 2984 quae
492 2947 518 2974 in
536 2943 682 2982 praemiffis
698 2945 731 2974 &
745 2945 821 2973 circa
835 2953 866 2972 ea
881 2942 1029 2973 necessaria
1044 2942 1148 2972 fuerint
1156 2943 1201 2973 seu
1215 2953 1288 2980 quo-

225 2984 385 3014 modolibet
401 2993 560 3021 oportuna,
577 2993 609 3013 ac
626 2992 689 3020 quae
706 2982 818 3018 qualitas
837 2983 870 3013 &
891 2990 989 3012 natura
1011 2981 1170 3011 hu‘usmodi
1184 2982 1289 3020 negotii

227 3024 344 3055 exieunt
359 3022 392 3052 &
406 3023 605 3059 requirunt,ac
620 3031 684 3059 quae
693 3020 869 3058 Nosinetipsi
881 3021 974 3051 facere
985 3029 1024 3057 po
1051 3019 1175 3059 emus,fi
1193 3019 1290 3057 perso-

223 3062 322 3092 naliter
336 3060 527 3090 interessemus
541 3083 550 3098 ,
567 3061 650 3090 etiam
666 3060 685 3089 si
700 3059 764 3090 talia
778 3059 872 3089 forent
887 3068 951 3097 qua:
968 3059 1132 3090 mandatum
1147 3059 1290 3098 exigerent

224 3108 491 3139 quantumcumque
506 3099 621 3136 speciale
630 3121 638 3135 ,

264 3138 340 3176 Ipsos
354 3160 363 3175 ,
391 3138 565 3173 Ricardum,
583 3137 761 3175 johannem,
782 3136 815 3166 δε
829 3135 987 3166 Ricardum
1023 3137 1057 3168 δε
1073 3135 1158 3167 Duos
1172 3145 1272 3165 eorum
1283 3158 1292 3173 ,

225 3178 339 3207 nostros
352 3177 493 3215 legitimos
506 3177 538 3207 δε
554 3175 724 3206 indubitatos
740 3174 956 3212 Procuratores,
974 3159 1173 3213 Negotiorum
1193 3172 1291 3210 gesto-

229 3225 271 3245 res
288 3239 297 3254 ,
320 3215 555 3251 Commissarios,
574 3213 752 3251 DeputatOS,
771 3214 804 3243 &
828 3213 963 3243 Nuncios
985 3214 1114 3252 speciales
1137 3213 1268 3243 Facimus
1280 3234 1292 3250 ,

228 3253 385 3291 Creamus,
403 3253 591 3290 Ordinamus,
607 3254 640 3283 δι’.
655 3251 872 3282 confirmamus
886 3262 934 3289 per
950 3252 1117 3288 Priesente5,

268 3293 488 3330 promittentes,
505 3290 581 3321 bona
595 3290 667 3327 fide,
685 3291 717 3320 &
732 3292 761 3319 in
778 3290 877 3320 Verbo
900 3291 1012 3330 Regio,
1028 3301 1061 3322 ac
1076 3291 1125 3322 sub
1139 3289 1292 3327 Ypotheca

230 3332 263 3362 &
279 3331 466 3369 Obligatione
485 3332 617 3361 omnium
641 3329 788 3359 Bonorum
806 3329 986 3368 nostrorum,
1004 3329 1184 3367 praesentiuni
1201 3329 1234 3359 &
1250 3327 1296 3357 fu—

223 3378 361 3400 turorum
376 3393 385 3407 ,
411 3369 479 3400 Nos
498 3369 608 3400 Rarum
631 3369 665 3399 &
688 3367 813 3398 Gratum
834 3371 972 3406 perpetuo
988 3368 1132 3399 babituros
1147 3366 1296 3405 quicquid,

224 3417 282 3476 “pier
304 3408 397 3438 dic‘tos
417 3408 619 3439 Procuratores
639 3406 753 3437 nostros
775 3407 818 3436 vel
843 3406 927 3436 Duos
948 3416 1048 3437 eorum
1063 3430 1072 3445 ,
1092 3406 1214 3443 Adtum,
1235 3403 1298 3434 Ge-

233 3451 244 3477 i
260 3456 308 3477 um
319 3446 385 3484 ,seu
395 3446 582 3477 Procuratum
599 3446 717 3476 fueritin
730 3444 891 3483 praemissis,
901 3447 933 3477 ὃς
949 3446 1057 3484 singulis
1073 3443 1296 3484 praemifforum:

223 3485 291 3514 *aliis
308 3485 451 3516 Mandatis
467 3486 511 3516 seu
533 3485 738 3516 Pi‘ocuratoriis
757 3483 857 3514 nostris
873 3484 902 3514 in
921 3484 970 3514 suo
986 3485 1190 3515 nichilominus
1211 3482 1301 3512 robo-

236 3533 266 3553 re
280 3523 424 3554 duraturis.

272 3561 305 3591 In
327 3563 405 3599 cujus
429 3563 467 3592 rei
487 3562 703 3592 Testimonium
727 3561 776 3591 has
800 3560 906 3590 Literas
919 3560 1026 3590 nostras
1041 3560 1101 3591 fieri
1114 3560 1234 3591 fecimus
1247 3558 1301 3591 Pa-

237 3607 342 3639 rentes,
362 3601 453 3637 Sigilli
468 3601 557 3630 nostri
573 3601 673 3639 Magni
686 3600 861 3639 appositione
877 3601 1078 3630 communitas.

274 3685 341 3730 Dat.
361 3688 389 3716 in
414 3686 524 3716 Palatio
549 3686 634 3727 nostro
657 3686 764 3726 tVestm.
784 3685 974 3717 Duodecimo
999 3685 1044 3717 die
1065 3686 1170 3725 Aprilis
1183 3708 1194 3724 ,
1213 3685 1303 3717 Anno

228 3723 335 3765 ‚Regni
350 3725 436 3755 nostri
453 3726 559 3756 Nono.

279 3798 347 3829 Post
368 3801 432 3832 haec
453 3812 505 3832 nos
521 3826 529 3838 ,
555 3801 750 3832 Commissarii
772 3801 944 3838 suprascripti
993 3801 1111 3833 fecimus
1127 3802 1161 3833 &
1174 3800 1306 3838 praestiti-

247 3845 309 3879 mus
319 3860 327 3874 ,
340 3842 462 3881 *nomine
475 3841 544 3870 dieti
559 3840 680 3870 Domini
699 3840 786 3869 nostri
802 3839 888 3878 Regis
903 3824 1035 3870 Carieiiae
1048 3842 1081 3872 ὃς
1097 3840 1251 3877 Legionis,
1271 3841 1304 3871 &

246 3884 276 3903 in
293 3875 423 3918 Animam
437 3879 534 3917 ipsius,
552 3878 768 3908 Sacramentum
782 3878 948 3917 corporale,
965 3879 997 3908 ad
1013 3879 1115 3909 saneta
1129 3878 1188 3908 Dei
1207 3877 1305 3907 Evan-

245 3913 315 3951 gelia
325 3935 333 3950 ,
352 3924 399 3949 pei·
415 3915 483 3945 Nos
497 3917 678 3954 corporaliter
693 3917 782 3951 rasta,
802 3918 829 3945 in
847 3916 988 3953 praesentia
1007 3918 1152 3948 &storum
1167 3915 1201 3946 N
1205 3916 1306 3946 uncio-

246 3960 311 3994 rum
326 3952 357 3980 &
374 3951 589 3984 Procurator-um
605 3955 674 3985 dieti
693 3954 782 3988 Regis
797 3954 910 3991 Angliae
930 3955 962 3985 ὃ(
982 3955 1110 3986 Franciae
1125 3978 1134 3993 ,
1153 3956 1201 3992 qui
1214 3955 1308 3984 consi-

228 3989 316 4034 'milc-
340 3990 550 4033 Sacramentum
571 3993 705 4023 Nomine
732 3993 855 4022 Domini
877 3993 914 4022 sui
934 3994 1059 4030 praedieti
1081 3996 1110 4024 in
1124 3993 1220 4023 nostra
1235 4002 1307 4030 prae-

247 4027 333 4071 sentia
348 4027 532 4071 praestiterurit
542 4054 551 4066 ,
569 4031 602 4060 ad
620 4031 765 4068 praesentes
783 4031 864 4069 Ligas
871 4030 1063 4071 Tenendum,
1073 4031 1308 4069 Complendurn,

247 4075 280 4097 ac
296 4076 324 4114 in
339 4067 474 4096 omnibus
488 4067 605 4099 firmiter
618 4091 628 4107 ,
653 4068 770 4100 fideliter
783 4092 794 4108 ,
811 4070 845 4101 δε
860 4070 1057 4103 inviolabiliter
1071 4069 1290 4103 Observandum
1299 4093 1308 4107 ,

658 146 1468 199 CONVENTIONESA,
1520 144 1914 195 LITERAE,

1296 232 1355 264 sine
1374 231 1475 263 fraude
1488 253 1499 270 ,
1524 231 1602 262 malo
1619 231 1739 270 ingenio
1757 253 1769 270 2
1794 230 1866 262 dolo
1890 254 1901 270 ,

1337 300 1371 340 In
1386 318 1509 352 quorum
1524 291 1896 352 omnium—Testimonium
1907 314 1992 345 atque
2010 305 2098 339 fidem
2118 308 2207 349 Nos,
2221 309 2366 349 Johannes

1299 349 1336 379 de
1357 347 1455 379 Marm
1475 358 1516 378 on
1531 372 1540 386 ,
1567 348 1601 378 &
1616 346 1792 377 Willielmus
1811 347 1848 377 de
1869 345 2000 377 Affieton
2014 369 2024 384 ,
2048 346 2119 377 disti
2133 347 2258 380 Domini
2275 349 2366 381 nostri

1300 387 1389 432 Regis
1403 385 1448 432 Ca
1474 387 1535 417 ellae
1549 387 1584 418 &
1597 385 1734 430 Legionis
1756 385 1959 430 Procuratores
1978 385 2012 416 ὅ(
2032 382 2225 418 Commiffiirii
2244 388 2367 428 supradis

1300 426 1358 465 ἂι,
1376 426 1460 465 sigilla
1478 424 1574 456 nostra
1587 424 1769 463 praesentibus
1782 424 1972 463 apposuimus.

1337 502 1415 534 Data
1434 503 1461 532 ir'i
1485 502 1598 547 ¹.³‘².l¹¹²¹'‘,’
1618 499 1842 543 Wstmonasterir·
1856 524 1866 540 ‚
1888 500 2029 533 vicesimo
2049 496 2159 533 oetavo
2177 501 2226 540 die
2247 487 2369 543 Aprilis,

1301 540 1392 573 Anno
1406 540 1532 572 Domini
1546 540 1721 579 Millcsimo,
1734 539 1968 580 Trecentesimo,
1987 540 2179 583 octogefimo
2191 539 2296 581 Sexte,

1744 615 1944 657 Praesentibus,

1339 695 1518 728 Reverendis
1528 695 1659 726 Patribus
1666 717 1676 734 ,

1339 735 1470 774 Johanni
1484 734 1675 773 Dunolmenfi‚
1731 761 1733 764 Α

1341 775 1381 805 Et
1393 774 1518 819 ‘Waltero
1531 771 1706 814 coventrensi
1719 773 1753 805 &
1769 769 1969 814 Lichfeldenfi‚

1337 813 1517 892 {3255ng
1531 850 1695 889 Waltham,
1716 849 1934 881 Archidiacono
1950 847 2191 888 Richemundiae3

1339 891 1454 921 Roberto
1467 892 1500 921 de
1513 889 1708 927 Swillington,
1727 888 1842 928 Milite,

1338 929 1472 999 J‘az‘t
1486 926 1951 998 ἄςίξιῑῑῑὲῑψὸεῖςὲεῶἳψοώω
1965 925 2148 964 ¹⁴⁰¹²⁶0⁰³³²²

1344 981 1522 1076 {ohannleade
1532 989 1665 1035 scardeZu
1669 1004 1720 1044 rgh
1726 1029 1736 1044 ,
1839 990 1851 1005 ²

1373 1054 1383 1076 t
1396 1049 1500 1075 Simone
1514 1043 1667 1084 Gaunstede
1675 1069 1686 1082 ,

1346 1083 1484 1122 Clericis,

1348 1122 1395 1153 Ad
1410 1121 1553 1161 praemissa
1565 1121 1674 1154 vocatis
1688 1120 1723 1152 &
1737 1118 1891 1159 specialiter
1904 1121 2015 1161 rogatis

1311 1199 1401 1260 ET
1420 1199 1486 1239 Ego
1506 1198 1654 1238 Johannes
1669 1198 1701 1228 de
1717 1195 1850 1228 Rouland
1861 1196 2011 1238 Clericus,
2027 1196 2210 1230 Karliolenfis
2220 1198 2380 1242 Dioecefis,

1390 1238 1525 1270 Publicus
1549 1236 1720 1277 Apostolica
1741 1237 1923 1268 Auctoritate
1942 1237 2102 1276 Norarius,
2127 1237 2271 1269 dietat-um
2295 1239 2381 1281 Ligy-

1312 1287 1376 1307 rum
1386 1300 1396 1315 ,
1415 1277 1729 1314 confoederationum,
1749 1274 1907 1306 Unionum
1917 1298 1928 1314 ‚
1947 1276 1981 1307 &
1995 1273 2235 1308 Procurationum
2249 1277 2383 1310 Lectum

1313 1317 1347 1348 &
1364 1316 1572 1353 Publicationi,
1589 1315 1828 1355 juramentorum
1844 1314 2031 1353 praestationi,
2049 1314 2215 1355 Sigillorum
2227 1317 2385 1355 appositio·-

1313 1356 1342 1385 ni
1379 1355 1542 1393 caeterisque
1555 1353 1702 1393 praemiffis
1716 1353 1855 1383 omnibus
1867 1354 1901 1384 &
1914 1353 2054 1392 Singulis,

1351 1378 1434 1424 Dum
1448 1394 1486 1425 sic
1495 1416 1504 1431 ,
1519 1402 1551 1424 ut
1562 1393 1763 1433 praemittitur,
1782 1400 1930 1431 agerentur
1941 1401 1990 1432 per
2002 1392 2097 1423 dietus
2110 1390 2331 1425 Commiflarios
2348 1395 2383 1427 δε

1314 1432 1518 1464 Procuratores
1530 1456 1541 1471 ,
1568 1432 1657 1463 Anno
1679 1430 1803 1461 Domini
1822 1430 1859 1460 ab
1874 1430 2086 1470 Iucarnatiorie,
2103 1430 2260 1463 secundum
2274 1433 2386 1464 cursum

1315 1472 1348 1502 &
1370 1471 1617 1509 computationem
1634 1469 1770 1501 Ecclesiae
1792 1469 1961 1508 Anglicanae
1975 1492 1985 1508 ‚
2005 1469 2180 1510 Millesimo,
2198 1470 2385 1503 Trecentesi—

1316 1519 1386 1548 mo,
1401 1511 1609 1549 Ot‘iogesimo,
1625 1509 1726 1540 Sexto:
1745 1507 1906 1538 indictione
1920 1508 2031 1539 Nonii:
2042 1507 2229 1541 pontificatus
2238 1510 2388 1542 Sanctiffi-

1315 1550 1356 1579 nii
1370 1550 1398 1579 in
1415 1548 1534 1580 Christo
1548 1548 1635 1579 Patris
1649 1547 1773 1578 Domini
1787 1546 1879 1577 nostri
1894 1546 2020 1578 Domini
2032 1547 2156 1586 Urbani,
2176 1548 2273 1580 divini!
2289 1550 2389 1590 provi-

1317 1587 1414 1618 dentia
1431 1589 1512 1626 Papae
1525 1590 1623 1626 Sexti,
1638 1586 1726 1616 Anno
1745 1584 1842 1616 Nono
1857 1595 1863 1615 ε
1886 1584 1997 1616 Mensis
2011 1586 2115 1624 Aprilis
2124 1586 2174 1618 die
2185 1586 2329 1619 vicesima
2341 1587 2388 1619 Ο-

1317 1627 1402 1658 &ava
1418 1636 1425 1656 ε
1449 1627 1478 1656 in
1500 1626 1621 1665 quadam
1643 1623 1767 1655 Camera
1785 1623 1915 1662 stellata,
1930 1625 2002 1655 infra
2015 1625 2152 1656 Palatium
2168 1625 2276 1666 Regale
2288 1626 2391 1659 West·

1316 1664 1500 1703 monasterii,
1514 1663 1709 1695 Londoniensi
1725 1662 1882 1700 Dioecese,
1897 1661 2084 1703 constitutos,

1314 1736 1318 1742 7
1355 1704 1429 1736 Una
1445 1713 1513 1734 cum
1535 1702 1696 1744 reverendis
1717 1703 1747 1731 in
1761 1700 1882 1731 Christo
1901 1702 2024 1740 patribus
2039 1702 2221 1740 praesentibus
2237 1704 2272 1735 &
2286 1703 2387 1736 Testi-

1316 1743 1371 1774 bus
1384 1742 1562 1781 supradictis,
1575 1744 1694 1781 praeieris
1705 1739 1840 1778 interfui,
1854 1748 1944 1778 eaque
1958 1740 1994 1770 sic
2009 1741 2068 1771 fieri
2081 1741 2139 1771 vidi
2153 1742 2187 1773 δε
2199 1742 2295 1774 audivi
2306 1767 2316 1781 ,
2342 1743 2390 1774 di-

1316 1782 1403 1814 versis
1416 1790 1573 1819 occupatus
1585 1780 1707 1820 negotiis
1719 1788 1769 1817 pei·
1783 1778 1868 1809 aliurn
1882 1778 1975 1809 Scribi
1989 1779 2023 1810 &
2038 1780 2067 1809 in
2080 1779 2154 1811 hanc
2168 1780 2313 1819 publicam
2327 1783 2391 1812 for-

1319 1831 1399 1852 mam
1419 1820 1511 1858 redigi
1532 1821 1612 1858 feci,
1635 1828 1669 1849 ac
1684 1841 1695 1857 ,
1713 1817 1749 1848 de
1770 1817 1906 1848 consensu
1919 1818 1953 1849 &
1967 1817 2001 1848 ad
2016 1818 2164 1856 specialem
2177 1820 2391 1858 requisitionem

1322 1859 1594 1891 Commiirariorum
1609 1858 1643 1889 &
1656 1857 1880 1888 Procuratorum
1895 1856 2098 1894 praedictorum
2107 1880 2117 1896 ,
2126 1858 2197 1888 meis
2209 1857 2346 1889 Nomine
2358 1859 2393 1891 δε

1319 1899 1411 1967 siggo
1431 1899 1570 1930 consuetis
1590 1897 1694 1936 signavi
1717 1897 1746 1926 in
1771 1894 1874 1926 Fidem
1886 1897 1920 1926 &
1934 1894 2154 1927 Testimonium
2168 1898 2302 1928 omnium
2315 1897 2394 1929 1³1ae-

1322 1948 1363 1968 mi
1387 1946 1482 1968 orum.
2188 1951 2191 1955 ·

1359 1975 1482 2007 Constat
1502 1977 1590 2007 etiam
1608 1973 1696 2011 mihi,
1717 1971 1847 2003 Notario
1861 1970 1985 2005 Publico
1997 1971 2186 2012 Supradieto,
2201 1973 2238 2005 de
2252 1973 2312 2006 hoc
2329 1977 2394 2014 ver-j

1321 2016 1362 2047 bo
1377 2014 1559 2054 (Invaefiones)
1574 2013 1657 2053 quod
1671 2012 1872 2044 interimentur.
2331 2018 2337 2025 ·

1591 2162 1681 2208 Regis
1702 2158 1878 2207 Portugalr'ae
1895 2157 2122 2205 Confoederatio.

1402 2248 1534 2281 Niversis
1553 2246 1661 2279 Christi
1682 2245 1825 2276 Fidelibus
1837 2269 1848 2283 ,
1870 2244 1906 2276 ad
1918 2254 1992 2284 quos

1324 2366 1516 2398 Cancellarius
1535 2364 1719 2404 Portugaliae,

1323 2483 1440 2553 rbnilssiirii
1459 2483 1494 2513 ad
1515 2481 1689 2520 infrascripta
1709 2479 1862 2518 specialiter
1883 2478 2007 2518 deputati
2020 2502 2030 2518 ,
2049 2479 2175 2510 Salutem
2196 2480 2225 2509 in
2256 2480 2393 2511 omnium

1345 2533 1360 2553 a
1371 2531 1478 2554 vatore.
2333 2533 2335 2535 ·

1367 2560 1437 2591 illud
1452 2561 1532 2599 pium
1549 2558 1731 2597 Propositum
1743 2556 1824 2588 reffiz
1838 2556 1867 2587 R
1925 2557 2052 2595 antium,
2061 2555 2161 2594 illaque
2174 2554 2262 2586 finalis
2277 2556 2397 2586 intentio

1321 2599 1397 2638 juste
1417 2598 1646 2636 Principantium
1667 2597 1736 2627 effer
1756 2596 1843 2626 debet
1861 2618 1871 2634 ,
1918 2604 2009 2626 onum
2029 2604 2189 2625 commune
2205 2595 2395 2626 Subditorum

1326 2639 1439 2676 privatis
1452 2638 1584 2676 praeferre
1598 2633 1791 2672 Commodis,
1808 2634 1962 2672 mlibusque
1978 2633 2142 2671 Subjeetam
2163 2633 2202 2663 eis
2221 2632 2396 2671 Rempubii-

1327 2687 1390 2708 cam
1412 2678 1524 2708 munire
1546 2674 1683 2707 Praesidiis
1697 2696 1708 2712 ,
1730 2683 1781 2711 per
1824 2682 1868 2703 uae
1885 2697 1894 2711 ,
1912 2672 2028 2703 exclusis
2050 2672 2137 2703 caecis
2155 2671 2396 2710 inquietationum

1327 2716 1524 2754 Turbinibus,
1542 2712 1785 2751 eitterminatisque
1798 2683 2015 2742 adversantium
2031 2710 2208 2749 Incurfibus,
2227 2711 2310 2741 Plebs
2326 2711 2396 2741 fide-

1328 2755 1377 2793 iis,
1398 2765 1463 2793 quae
1477 2755 1578 2786 talibus
1593 2753 1763 2791 gubernatur
1778 2751 1959 2789 auctoribus,
1977 2751 2085 2781 nedum
2101 2757 2232 2789 augeatur
2245 2750 2394 2788 prosperis,

1328 2795 1366 2824 set
1380 2794 1430 2824 sub
1442 2803 1548 2832 optatae
1562 2792 1676 2830 Quietis
1689 2791 1722 2822 δε
1738 2790 1820 2821 Pacis
1832 2790 1994 2821 amaenitate
2007 2790 2190 2822 conservetur
2203 2790 2341 2820 continue
2363 2790 2394 2819 in

1328 2832 1477 2871 Adversis,
1497 2832 1575 2870 quod
1597 2832 1695 2862 revera
1712 2838 1781 2860 tunc
1804 2828 1896 2867 aptius
1917 2829 2063 2866 procurari
2085 2828 2205 2866 speratur
2224 2837 2292 2858 cum
2309 2827 2396 2858 Chri-

1328 2870 1482 2902 stianislimi
1499 2872 1594 2911 Reges
1608 2871 1641 2901 δε
1650 2869 1809 2907 Principes,
1825 2870 1853 2898 in
1867 2877 1933 2898 vera
1941 2867 2063 2898 Unitate
2076 2868 2109 2898 δε
2121 2866 2281 2898 obedientia
2294 2867 2396 2897 Sacro-

1328 2910 1431 2940 santstae
1448 2910 1591 2940 Romanae
1608 2908 1743 2939 Ecclefiae
1758 2906 1950 2946 persistentes,
1970 2907 1998 2936 in
2015 2916 2098 2936 unam
2122 2907 2224 2936 mentis
2237 2905 2396 2936 consonan-

1327 2950 1398 3017 {iam
1412 2951 1604 2987 conveniunt,
1621 2949 1655 2980 δε
1669 2948 1796 2978 invicem
1811 2944 2008 2976 indissolubilis
2029 2944 2145 2974 Amoris
2167 2942 2288 2974 Foedere
2303 2953 2394 2983 copu-

1339 2996 1433 3017 asstssst
2083 2992 2085 2995 ’

1366 3025 1439 3056 Hoc
1461 3025 1596 3064 siquidem
1611 3049 1621 3063 ,
1644 3022 1837 3062 Sereniffirrius
1853 3022 1990 3059 Princeps
2010 3021 2044 3051 &
2061 3019 2208 3050 Dominus
2221 3019 2317 3050 noster
2332 3029 2395 3051 me-

1328 3064 1523 3094 tuendissimus
1541 3063 1713 3102 supradietus
1729 3085 1740 3100 ,
1764 3063 1794 3091 in
1816 3060 1966 3099 profundae
1989 3059 2218 3090 considerationis
2232 3059 2288 3089 suae
2302 3059 2397 3090 revol-

1329 3113 1399 3134 vens
1422 3104 1550 3133 examine
1566 3125 1576 3141 ,
1600 3103 1683 3132 nobis
1702 3099 1857 3130 Traetandi
1872 3122 1881 3137 ‚
1902 3099 1934 3128 &
1950 3098 2110 3135 Firmandi,
2129 3099 2245 3128 nomine
2257 3098 2325 3136 suo,
2343 3098 2395 3128 Li-

1328 3150 1397 3180 gas,
1424 3142 1572 3172 Amicitias
1587 3163 1596 3179 ,
1621 3141 1655 3171 &
1675 3138 1965 3175 Confoederationes,
1984 3137 2067 3166 reales
2081 3137 2289 3175 &¹perpetuas,
2308 3146 2396 3177 cum,

1331 3180 1494 3211 Nobilibus
1516 3180 1550 3210 ὅ(
1569 3179 1691 3210 discretis
1712 3177 1803 3214 Viris,
1820 3176 1972 3213 Dominis,
1991 3175 2126 3205 Rishardo
2140 3175 2288 3205 Abberbur
2311 3199 2321 3214 ,
2340 3175 2399 3215 Jo-

1331 3217 1421 3247 hanne
1435 3217 1586 3255 clava-we,
1606 3215 1764 3254 Militibus,
1784 3218 1817 3247 &
1834 3213 1979 3252 Magistro
1993 3214 2129 3244 Richardo
2143 3213 2263 3244 Rouhale
2307 3223 2395 3254 egum

1332 3256 1468 3287 Doctore
1483 3280 1492 3294 ,
1515 3255 1751 3286 procuratoribus
1774 3254 1808 3285 &
1827 3253 2050 3292 Commissariis,
2068 3252 2245 3284 Illu'striffimi
2260 3252 2400 3292 Principis

1333 3296 1366 3326 &
1382 3294 1521 3332 Domitii,
1541 3294 1664 3325 Domini
1676 3294 1821 3331 Richardi,
1840 3293 1898 3323 Dei
1933 3292 2016 3331 ratiti,
2033 3295 2109 3330 Regis
2123 3291 2237 3329 Angliae
2250 3289 2289 3326 ὠ
2305 3294 2397 3322 Fran-

1333 3337 1398 3372 ciae,
1417 3344 1465 3372 per
1486 3334 1594 3365 Literas
1613 3334 1671 3363 suas
1687 3332 1832 3370 Parentes,
1848 3332 1899 3362 sub
1913 3302 2013 3370 {igino
2028 3331 2170 3361 Plumbeo
2180 3331 2320 3368 (quarum
2335 3330 2399 3361 Te-

1334 3383 1389 3403 nor
1405 3373 1518 3403 inferius
1531 3372 1705 3409 describitur)
1724 3370 1898 3402 Potestatem
1911 3370 2056 3401 commisit
2070 3370 2105 3400 &
2118 3369 2259 3407 attribuit3

1374 3411 1407 3441 ln
1425 3413 1503 3450 cujus
1524 3413 1627 3449 vigore
1640 3434 1650 3450 ,
1674 3421 1742 3442 curn
1754 3410 1989 3441 Procuratoribus
2003 3409 2036 3440 &
2049 3407 2258 3438 Commiffariis
2271 3407 2399 3438 Domini

1338 3449 1426 3489 Regis
1455 3451 1571 3488 Angliae
1593 3451 1626 3481 &
1648 3450 1773 3480 Franciae
1786 3448 1965 3486 supradictis,
1984 3448 2000 3477 a
2014 3447 2131 3486 praefato
2149 3446 2284 3477 Domino
2298 3447 2348 3477 suo
2362 3444 2400 3477 ad

1339 3489 1509 3527 infrascripta
1530 3489 1660 3520 facienda
1681 3487 1856 3519 Potestatem
1877 3487 1922 3517 seu
1944 3486 2178 3517 procurationem
2191 3507 2201 3523 ‚
2227 3485 2278 3515 sub
2293 3485 2399 3522 Magni

1339 3528 1427 3567 Sigilli
1447 3529 1486 3558 sui
1505 3528 1691 3558 Testimonio
1706 3550 1715 3565 ,
1742 3535 1775 3557 ex
1798 3533 1874 3564 parte
1887 3524 2013 3555 Domini
2028 3524 2081 3562 sui,
2097 3523 2294 3554 exhibentibus
2309 3523 2400 3562 (cuius

1338 3569 1421 3597 etiam
1436 3567 1663 3598 Terior'inferius
1675 3565 1849 3601 describitur)
1865 3564 1965 3602 Ligas,
1982 3564 2147 3600 Amicitias,
2166 3561 2401 3592 Confoederatio·

1340 3615 1406 3644 nes,
1424 3606 1468 3636 seu
1486 3606 1619 3637 Uniones
1641 3606 1726 3636 reales
1739 3628 1749 3642 ,
1773 3603 1881 3640 firmas,
1900 3604 1934 3633 &
1950 3609 2094 3640 perpetuas
2110 3601 2142 3631 T
2143 3601 2328 3638 notavimus,
2348 3599 2400 3638 Ξῖ,

1340 3645 1405 3682 post
1419 3646 1504 3676 varias
1519 3644 1645 3684 Diaetas,
1661 3642 1912 3675 concordavimus
1924 3641 1974 3672 sub
1990 3642 2043 3672 hac
2057 3641 2166 3678 forma,

1378 3721 1393 3751 I
1402 3730 1429 3752 M
1438 3730 1456 3752 P
1465 3731 1489 3752 R
1500 3731 1511 3752 r
1521 3729 1547 3751 iu
1557 3730 1569 3751 1
1581 3731 1611 3759 s,
1630 3731 1755 3759 namque
1768 3719 1937 3750 Tractatum
1952 3718 1993 3749 est
2007 3719 2040 3749 &
2055 3715 2170 3747 finaliter
2183 3714 2402 3746 Concor-clatum

1343 3761 1438 3799 quod,
1459 3770 1574 3798 propter
1586 3761 1696 3790 bonum
1710 3759 1864 3790 Publicum
1880 3756 1912 3788 δε
1930 3758 2068 3797 Quietem
2081 3755 2200 3791 Regum
2215 3754 2248 3784 δε
2265 3753 2404 3784 Szibdito—

1342 3810 1406 3830 rum
1427 3799 1566 3837 utriusque
1586 3798 1710 3837 Regni,
1734 3798 1787 3828 sint
1805 3799 1839 3829 &
1859 3796 2059 3827 inviolabiliter
2075 3800 2108 3822 ac
2129 3793 2269 3829 perpetuo
2291 3800 2405 3830 perma-

1342 3847 1427 3868 neant
1448 3839 1519 3868 inter
1543 3837 1640 3874 Reges
1660 3838 1815 3867 modernos
1836 3835 2011 3873 supradictos
2024 3857 2034 3870 ,
2047 3834 2205 3868 eorumque
2218 3829 2355 3861 Haeredes
2370 3830 2404 3871 ἃ

1343 3876 1524 3906 Successores
1539 3898 1550 3913 ,
1579 3885 1613 3905 ac
1634 3875 1770 3906 Subditos
1797 3874 1938 3912 utriusque
1956 3871 2076 3910 Regni,
2100 3866 2184 3905 Ligae
2199 3893 2208 3905 ,
2232 3869 2380 3899 Amicitiae
2393 3892 2404 3907 ,

1345 3914 1614 3944 confoederationes
1629 3936 1638 3951 ,
1659 3915 1693 3944 &
1709 3914 1847 3944 Uniones
1867 3912 1958 3942 fiimae
1972 3931 1982 3948 ,
2002 3913 2166 3950 ‘perpe-tuae,
2182 3908 2217 3938 &
2233 3908 2336 3946 reales,
2352 3916 2405 3937 ne-

1343 3953 1415 3983 dum
1441 3963 1496 3990 pro
1514 3952 1583 3990 Ipsis
1606 3952 1640 3982 &
1660 3962 1760 3982 eorum
1775 3949 2005 3982 -Haereffib'usssc
2024 3945 2240 3976 Suecefloribus
2254 3950 2265 3984 ,'
2290 3946 2329 3976 set
2349 3952 2403 3983 pro

1344 3991 1457 4027 Regnis
1471 4013 1482 4029 ,
1508 3991 1527 4011 ²¹¹²
1543 3991 1641 4021 Terris
1655 4014 1665 4029 ,
1692 3989 1840 4021 Dominiis
1855 4012 1865 4025 ,
1886 3989 1927 4019 δι’·
1937 3984 2042 4015 Ρεὶτίίε
2057 4009 2066 4022 ,
2090 3987 2249 4022 eorumque
2262 3983 2405 4022 Subditis,
2418 3995 2432 4010 a
2450 3996 2520 4024 vn·

1345 4028 1471 4059 Valiallis
1487 4052 1496 4067 ‚
1523 4029 1652 4066 Alligatis
1665 4053 1674 4067 ,
1699 4030 1732 4060 &
1755 4027 1866 4057 Amicis
1883 4024 2126 4063 quibuscumque,
2143 4023 2310 4061 adee'quod
2327 4020 2405 4051 Alter
2420 4034 2486 4067 515·

1345 4077 1446 4099 eorum
1464 4076 1592 4099 teneatur
1609 4067 1689 4099 alteri
1705 4065 1877 4098 succursum
1887 4063 1984 4094 facere
1997 4063 2031 4094 &
2043 4061 2406 4129 Adjumneurimpegdgtrre

2395 4107 2410 4128 a

1928 230 1964 263 &
1988 230 2107 264 fictione
2132 229 2369 272 quibuscum'qoe:
2383 229 2516 312 miztia&

2403 281 2417 302 1
2480 283 2491 302 ι

2379 312 2435 340 Ric.
2451 320 2480 341 τι
2502 317 2512 343 3

2428 989 2499 1016 vn.

2390 1032 2457 1062 5¹5-

2006 2244 2152 2284 praesentes
2168 2244 2275 2277 Literae
2289 2246 2391 2284 pervess
2407 2251 2483 2284 Αῃῃ,
2498 2254 2543 2286 υς

1416 2290 1509 2320 nerint
1523 2313 1534 2327 ,
1554 2286 1641 2325 Nos,
1663 2285 1822 2316 Fernandus·
1842 2283 1977 2324 Magtster
1995 2285 2110 2315 Ordinis
2129 2285 2226 2314 Saufei
2244 2283 2348 2324 Jacobi
2359 2285 2390 2315 in
2430 2292 2518 2334 1386,

1322 2328 1432 2368 Regnis
1455 2326 1627 2365 Portugaliae
1649 2325 1683 2356 &
1705 2325 1732 2356 A
1762 2323 1830 2354 arbii
1843 2345 1854 2361 ‚
1877 2324 1911 2355 ὅ(
1933 2326 2103 2353 Laurentiue
2122 2321 2269 2362 Johannes
2284 2326 2389 2361 Fogan
2405 2338 2458 2361 An.
2477 2342 2507 2368 9·

1781 2362 1851 2393 ilites
1863 2386 1877 2410 ,Α
1891 2361 2066 2393 serenissimi
2080 2361 2218 2400 Principis
2228 2362 2263 2393 &
2277 2361 2389 2393 Domi·
2407 2378 2437 2401 R.
2454 2382 2480 2400 2,

1323 2407 1352 2436 ni
1378 2405 1503 2436 Domini
1525 2404 1667 2444 Johannis
1680 2427 1690 2441 ,
1714 2401 1774 2433 Dei
1792 2402 1898 2441 gratia,
1915 2401 2081 2439 Portugaliae
2094 2398 2132 2436 ῤ’
2148 2400 2282 2439 Algarbii
2294 2403 2391 2440 Regis,
2410 2416 2447 2438 Ex
2461 2413 2524 2438 Au.-

1321 2444 1450 2477 Domini
1465 2444 1556 2475 nostri
1572 2440 1763 2479 illustrissimi,
1775 2439 2006 2478 Ambaffiitores,
2020 2440 2283 2480 Procurator-ess&
2291 2438 2388 2471 Com-
2406 2458 2472 2488 mgr,
2515 2444 2519 2447 ’
