2561 4251
80 239 157 272 Arm.
172 237 213 268 D.

78 286 196 353 2333:

70 2200 89 2221 ·
107 2202 203 2241 VI.⁶5.

70 3829 149 3861 Ami.
163 3825 211 3858 D.

93 3876 178 3906 1357·

71 3909 124 3934 Aa.
142 3915 186 3942 31.

70 3948 98 3972 1.
122 3954 149 3980 3·

71 3988 130 4010 ΡΜ.
156 3992 202 4017 31.

72 4027 202 4058 z.3.p.2.

74 4063 199 4097 mg-‹ior-

228 174 246 201 1
259 174 279 213 5
285 163 307 202 8

263 284 428 323 Glasguenfis
435 306 445 321 ‚
818 282 944 351 Rofflrsss
951 305 961 320 ,

266 322 476 400 sk'dss
819 320 1015 399 sshmss

269 399 451 440 Abbredenfis
459 421 469 438 ,
821 400 863 427 Et
877 398 1007 428 Candidae
1020 396 1113 437 Casie,

267 476 401 507 Praediffi
418 475 511 514 Regni
526 474 646 513 Scotiae,
664 474 746 505 liceat
760 484 812 506 nos
826 475 859 505 &
881 474 969 513 ipsos,
996 484 1029 505 ac
1044 472 1222 505 successores
1240 481 1297 501 no-

232 515 317 552 stros,
336 516 369 546 &
382 515 521 553 ipsorum,
538 514 728 551 Eccleliasque
748 513 782 544 &
804 512 932 551 Capitula
955 513 1066 551 nostra,
1083 520 1163 549 atque
1184 510 1245 548 sua,
1263 519 1296 540 ac

232 552 407 592 nostrorum,
422 554 454 584 &
469 553 591 589 ipsorum
606 551 682 582 Bona
691 574 702 590 ,
720 550 842 581 Mobilia
856 553 889 582 &
904 551 1084 588 Immobilia,
1101 549 1249 580 Praesentia
1263 549 1297 578 &

232 591 349 629 Futura,
371 601 422 629 pro
441 591 635 620 observatione
650 590 682 620 ὃς
704 589 897 627 completione
918 591 1049 620 omnium
1071 589 1104 619 &
1125 587 1297 627 singulorum

231 629 458 668 praemiffornm,
476 628 610 658 Domino
624 628 700 668 Regi
716 628 846 668 Angliae,
865 627 979 666 nostro,
996 629 1029 659 &
1045 637 1102 666 quo
1116 625 1193 664 supra
1201 625 1297 656 nomi-

232 678 270 699 ne
282 667 432 698 efficaciter
447 667 582 702 obligare.
805 676 811 685 ·

271 706 301 736 Si
315 709 385 736 verb
398 706 491 736 dicius
508 705 571 734 Rex
587 704 693 735 Scotiae
715 704 908 742 privilegiatus
929 703 1026 734 existat
1039 726 1049 741 ,
1064 713 1100 733 ne
1123 711 1296 734 excommu-

230 745 317 774 nicari
339 743 394 780 ipse
407 767 416 781 ,
443 743 533 774 suaeve
547 742 672 781 Capellae
685 743 808 782 suspendi
824 766 833 781 ,
860 743 903 774 seu
918 742 1050 773 interdici
1069 741 1194 779 valeant,
1211 741 1297 771 etiam

231 793 280 820 per
295 782 409 813 Litteras
427 781 620 819 Apostolicas,
638 781 749 812 suorum
765 783 796 812 in
811 792 842 812 ea
858 789 933 819 parte
948 781 1168 820 Privilegiorum
1182 789 1239 809 non
1249 779 1296 809 ha-

230 820 288 851 bita
302 820 384 857 plen-'i
398 821 431 851 &
448 820 570 858 expressa
584 821 747 858 mentione,
765 828 812 850 aut
825 830 878 850 nec
894 819 1101 850 Executionem
1111 817 1297 849 Censurarum

231 859 429 898 praedictarum
446 858 621 896 auii'facere,
639 860 754 896 turbati,
772 858 816 888 seu
833 858 978 895 impediti,
1004 856 1206 896 negligentesve
1222 857 1250 885 in
1265 855 1298 886 ea

230 905 308 936 parte
319 897 468 935 fuerimus,
486 898 532 927 vel
549 897 670 934 remisii,
693 898 806 927 Litteras
819 898 852 928 ὃς
876 897 1032 926 Licentiam
1049 895 1175 932 praediffi
1190 894 1299 924 Domi-

231 937 264 966 ni
282 935 367 973 Papie
382 936 610 974 impetrabimus,
629 935 728 966 nostris
744 935 907 972 Sumptibus
922 935 954 964 &
969 933 1100 970 Expensis
1117 933 1297 970 Duplicatas,

254 974 334 1005 uibus
349 974 383 1004 ad
400 974 607 1005 Executionem
628 973 836 1012 praemiffiirum
859 973 992 1003 omnium
1006 972 1040 1001 &
1062 971 1247 1009 singulorum,
1263 971 1296 1001 &

230 984 492 1045 §enunciationem
505 1012 675 1043 eorumdem
688 1011 866 1042 effectualiter
882 1011 966 1041 fimus
977 1008 1096 1047 astricti,
1115 1019 1179 1046 quas
1189 1008 1297 1038 Licen-

232 1053 280 1083 tiae
295 1051 499 1089 Artationisque
514 1051 630 1082 Litteras
642 1050 848 1081 PartiDomini
863 1048 948 1087 Regis
961 1047 1088 1086 Angliae,
1105 1048 1175 1077 citra
1184 1046 1296 1077 Festum

233 1088 399 1122 Nativitatis
419 1089 516 1120 Sancti
533 1089 669 1128 Johannis
689 1088 818 1126 Baptistae
838 1089 974 1126 proximo
996 1086 1119 1116 futurum
1134 1108 1144 1124 ,
1163 1084 1298 1116 faciemus

232 1128 416 1159 effeciualiter
430 1128 548 1158 liberari.

269 1167 495 1204 Renunciamus,
512 1165 637 1204 insuper,
655 1165 777 1202 expresse
791 1165 873 1195 omni
889 1163 1025 1202 Aciioni,
1039 1160 1299 1200 Exceptioni,De-

231 1205 369 1242 fensioni,
384 1205 418 1235 &
433 1206 515 1234 omni
529 1205 573 1235 alii
583 1204 657 1244 Juris
673 1204 815 1235 Canonici
829 1203 862 1232 &
878 1201 995 1240 Civilis,
1016 1201 1130 1232 Auxilio
1174 1200 1294 1239 generali

230 1244 266 1274 &
281 1243 407 1281 speciali,
425 1243 501 1281 quod
515 1251 614 1273 contra
628 1244 674 1273 has
691 1243 805 1271 Litteras
819 1239 941 1278 nostras,
958 1241 1003 1270 seu
1018 1224 1296 1277 praesens‘Publicum

229 1281 469 1318 Instrumentum,
484 1281 529 1311 vel
545 1281 680 1318 Fadium,
707 1279 815 1317 poffent
835 1278 966 1309 ullatenus
986 1279 1065 1308 obici
1081 1300 1091 1315 ,
1113 1277 1159 1307 vel
1172 1277 1296 1316 opponi,

228 1321 263 1351 δε
279 1320 428 1359 specialiter
439 1319 502 1358 Juri
517 1318 622 1350 dicenti
640 1318 796 1357 generalem
813 1316 1074 1348 Renunciationem
1089 1326 1147 1346 non
1162 1317 1262 1347 valere.

265 1399 354 1428 Tenor
370 1395 437 1425 verb
453 1397 638 1425 Procuratorii
649 1395 782 1424 diciorum
796 1392 994 1432 Praelatorum,
1012 1393 1044 1423 de
1060 1404 1110 1434 quo
1123 1392 1245 1432 superius
1259 1391 1296 1432 fit

304 1438 418 1473 mentio,
431 1433 471 1475 stc
484 1437 594 1472 incipit,

266 1511 515 1544 Novmum-
534 1510 762 1541 UNIVERSI
783 1509 863 1549 quod
878 1509 961 1547 Nos,

819 1585 984 1616 Alexander
991 1608 1000 1624 ,
1020 1583 1216 1624 Aberdenenfis
1224 1607 1234 1622 ,

267 1588 453 1626 Willielmus,
471 1586 653 1627 Glasg‘guenfis,
819 1624 983 1655 Alexander
1016 1624 1142 1664 Rofflmsis
1178 1622 1229 1658 &c

854 1649 860 1654 .
990 1647 1000 1664 ,
1149 1646 1158 1662 ,
1232 1645 1238 1652 .

267 1627 428 1666 Johannes,
447 1625 640 1665 Dunkela'enfis
648 1648 658 1664 ,

263 1704 307 1733 Et
317 1703 357 1744 fic
370 1702 452 1742 finit,

263 1778 297 1809 In
313 1781 391 1818 cujus
405 1780 444 1810 rei
460 1779 676 1810 Testimonium
691 1778 787 1817 Sigilla
801 1778 896 1810 nostra
905 1802 915 1818 ,
933 1780 989 1810 una
1006 1789 1073 1809 cum
1089 1777 1117 1809 Si
1140 1777 1191 1808 illis
1208 1787 1294 1807 com-

226 1819 362 1849 munibus
373 1818 518 1849 <iustorum
534 1817 731 1856 Capitulorum
744 1818 920 1856 nostrorum,
939 1819 1056 1847 nomine
1070 1820 1119 1846 nol
1136 1827 1183 1854 ro,
1202 1817 1234 1846 &
1250 1824 1294 1846 to-

226 1856 279 1887 tius
297 1855 374 1887 Cleri
387 1856 473 1887 nostri
488 1857 595 1887 Scotiae
608 1856 788 1894 praesentibus
802 1855 861 1886 sunt
880 1855 997 1893 appensa
1013 1855 1085 1893 apud
1102 1854 1294 1893 Edenburgh,

225 1895 364 1926 vicesimo
376 1896 451 1926 lexto
464 1895 511 1925 die
531 1894 640 1926 Mensis
660 1895 830 1932 Septembris
843 1917 853 1933 ,
878 1894 965 1925 Anno
979 1894 1106 1925 Domini
1119 1893 1293 1931 MillelimO,

223 1929 441 1965 Trecentelimo
449 1956 458 1972 ,
477 1933 722 1973 Qiinquagesimo
735 1933 864 1971 septimo.

262 2008 296 2040 In
310 2020 431 2049 quorum
450 2012 583 2042 omnium
602 2009 815 2041 Testimonium
831 2020 882 2041 nos
896 2033 904 2048 ,
929 2008 1120 2048 Willielmus,
1143 2008 1293 2047 Thomas,

224 2049 258 2081 δε
274 2050 424 2087 Patricius,
442 2049 572 2087 Episcopi
589 2049 736 2087 praeditsti,
755 2049 849 2088 Sigilla
863 2048 973 2087 nostra,
992 2050 1049 2078 tam
1065 2049 1181 2078 nomine
1196 2047 1291 2077 nostro

244 2091 358 2128 ropriO,
375 2091 459 2129 quam
472 2089 668 2120 Procuratorio
681 2088 814 2125 nomine,
832 2097 903 2126 pro,
923 2086 1136 2117 Venerabilibus
1145 2085 1291 2123 Patribus,

223 2099 384 2168 Episcopi&
403 2139 436 2159 ac
451 2128 641 2158 Ecclefiarum
655 2125 852 2164 praedictarum
870 2125 1005 2163 Capitulis
1025 2125 1201 2163 supradiffis,
1220 2134 1292 2162 prae-

222 2169 342 2200 sentibus
366 2167 543 2207 apposuimus
563 2164 636 2203 apud
658 2165 710 2195 Ber
759 2174 827 2196 cum
852 2164 930 2204 super
958 2165 1126 2203 Twydam,
1150 2163 1226 2193 sexto
1245 2163 1291 2193 die

227 2208 381 2275 Octobris,
398 2207 484 2237 Anno
500 2206 518 2224 *
541 2204 665 2235 Domini
681 2202 738 2233 Mil
750 2204 838 2234 esimo
854 2227 863 2243 ,
887 2203 1122 2240 Trecentesimo,
1140 2201 1291 2240 Quinqua-

241 2247 328 2277 esnno
354 2256 368 2275 e
389 2246 477 2275 timo:

221 2256 240 2287 g
259 2255 388 2316 Necnoii
402 2282 437 2314 ad
451 2282 589 2319 majorem
603 2279 705 2318 fidem,
725 2279 869 2317 praesentes
882 2280 1017 2318 Litteras,
1032 2279 1078 2311 seu
1101 2278 1217 2317 praesens
1232 2277 1290 2309 Pu-

219 2324 330 2355 blicum
342 2321 563 2352 Instrumentum
577 2342 586 2357 ,
604 2318 698 2354 Signis
712 2320 744 2350 &
767 2318 1020 2356 Subscriptionibus
1038 2319 1231 2349 Notariorum
1246 2318 1291 2347 in-

219 2362 430 2400 frascriptorum
444 2382 454 2398 ,
480 2359 569 2390 Anno
584 2380 594 2395 ,
623 2356 680 2386 Die
695 2379 705 2395 ,
728 2357 761 2388 &
778 2356 860 2387 Loco
880 2357 1084 2396 suprascriptis,
1102 2357 1221 2387 fecimus
1243 2366 1290 2386 ro·-

219 2402 322 2433 borari.

257 2477 296 2509 Et
308 2487 367 2514 ego
386 2475 477 2507 Adam
492 2473 527 2505 de
541 2472 644 2504 Hilton
660 2472 804 2510 Clericus,
823 2472 1037 2503 Lichefeldenszs
1053 2471 1212 2510 DioecesiS,
1232 2471 1289 2502 Pu-

221 2517 314 2548 blicus
330 2513 489 2552 Apostolica
505 2513 539 2543 &
555 2512 690 2550 imperiali
712 2510 884 2541 Auctoritate
900 2510 1039 2542 Notarius
1055 2510 1200 2549 praemillis
1214 2511 1288 2541 Tra-

220 2555 342 2586 &atibus
352 2556 385 2585 &
400 2551 588 2589 Concordiis,
605 2550 802 2587 Obsidumque
816 2548 988 2580 Admissioni
1002 2552 1035 2581 &
1052 2549 1223 2586 Receptioni
1231 2572 1241 2587 ,
1255 2559 1288 2580 ac

224 2591 475 2627 Promiffionibus,
495 2589 741 2628 obligationibus,
759 2588 966 2618 Terminorum
981 2588 1229 2625 assimadonibus,
1248 2587 1292 2618 Si-

225 2632 360 2671 gillorum
378 2628 613 2668 appositionibus,
628 2636 661 2657 ac
676 2627 809 2656 omnibus
824 2627 882 2656 aliis
903 2627 935 2656 &
958 2626 1066 2665 singulis
1087 2626 1291 2664 suprascriptis,

226 2671 300 2701 dum
315 2670 369 2707 fic,
385 2677 414 2698 ut
428 2666 620 2704 praemittitur,
638 2672 780 2704 agerentur
803 2664 835 2694 ὃς
857 2664 950 2705 fierent
972 2665 1033 2701 (sub
1056 2665 1144 2695 Anno
1163 2663 1288 2695 Domini

227 2708 399 2745 Millesimo,
417 2704 644 2736 Trescentesimo
658 2725 667 2741 ,
694 2703 937 2741 Quinquagelimo
957 2703 1079 2740 septimo
1094 2714 1099 2732 :
1127 2703 1288 2734 Indiffione

225 2746 400 2778 undecima:
429 2745 474 2774 die
494 2744 550 2773 viz.
570 2741 642 2772 sexta
664 2741 772 2771 Mensis
789 2740 946 2779 Ociobris3
968 2740 1150 2772 Pontificatfis
1166 2741 1288 2773 Domini

225 2785 402 2819 Innocentii,
418 2781 527 2813 Divina
540 2779 738 2817 Providentia,
758 2779 842 2817 Papae
859 2780 936 2810 Serui
950 2801 959 2817 ,
984 2780 1071 2810 Anno
1088 2780 1214 2818 Quinto)
1235 2783 1288 2812 una

224 2834 294 2856 cum
309 2822 473 2859 Magistris,
489 2819 652 2850 Willielmo
667 2819 699 2849 &
712 2818 859 2857 Jolianne,
877 2818 910 2847 N
914 2819 1006 2848 otariis
1021 2818 1139 2855 publicis
1153 2818 1286 2857 subscrip—

223 2864 259 2894 tis
296 2872 329 2892 ac
344 2862 402 2892 aliis
416 2859 550 2890 Testibus
566 2858 786 2896 praenominate,
804 2856 920 2894 praesens
932 2856 1062 2894 interfui,
1078 2867 1164 2894 eaque
1177 2857 1214 2888 fic
1231 2858 1288 2888 fieri

223 2886 284 2933 vicii
302 2902 335 2932 ὅ(
351 2899 445 2930 audivi
479 2897 562 2928 scribi
584 2897 657 2933 feci,
682 2896 842 2933 publicavi,
860 2896 892 2925 ἃ
914 2897 942 2925 in
964 2895 1035 2925 hanc
1058 2895 1201 2932 publicam
1218 2895 1289 2926 For-

225 2949 303 2971 mam
317 2938 426 2977 redegi,
443 2921 587 2976 §ignoque
603 2944 670 2966 meo
683 2934 765 2965 solito
780 2934 883 2973 {ignavi
901 2942 1012 2974 rogatus
1026 2935 1057 2963 in
1072 2933 1287 2966 Testimonium

220 2976 436 3018 praemifforum.

259 3055 298 3087 Et
313 3063 368 3094 ego
381 3052 553 3083 Willielmus
571 3051 606 3082 de
627 3049 779 3089 Ragenhill
803 3048 950 3088 Clericus,
977 3050 1108 3092 Eborum
1126 3050 1286 3091 Dioecefis,

220 3094 359 3126 Publicus
372 3091 536 3123 auctoritate
557 3089 723 3128 Apostolica
743 3088 879 3119 Notarius
894 3111 904 3127 ,
928 3089 1074 3126 praemissis
1095 3090 1230 3120 omnibus
1252 3093 1286 3122 &

221 3132 353 3170 singulis,
371 3130 442 3161 dtim
466 3130 519 3166 lic,
536 3137 567 3159 ut
581 3128 760 3165 praemittitur
777 3126 846 3164 (sub
863 3128 969 3164 Anno,
988 3126 1166 3165 lndiffione,
1184 3128 1287 3159 Ponti-

221 3171 325 3209 ficatu,
344 3169 420 3208 Die,
435 3167 553 3205 Mense,
569 3168 601 3197 ὅτ.
620 3166 704 3196 Loco
721 3165 873 3203 praedietis)
893 3174 1040 3204 agerentur
1054 3166 1087 3195 δι’
1101 3165 1213 3204 fierent,
1230 3168 1286 3197 una

220 3219 293 3241 cum
309 3207 520 3247 praenominatis
534 3205 665 3236 Notariis
681 3204 713 3234 &
734 3204 888 3242 Testibus,
907 3203 1023 3241 praesens
1048 3204 1179 3241 interfui,
1197 3216 1285 3242 eaque

219 3249 258 3280 fic
273 3247 332 3279 fieri
348 3246 407 3277 vidi
422 3245 456 3276 ὃς
471 3243 731 3281 audivi,publicavi
744 3264 753 3279 ,
777 3242 807 3272 Si
829 3252 923 3281 noque
941 3252 1007 3272 meo
1022 3244 1055 3273 &
1080 3243 1198 3273 nomine
1213 3254 1287 3273 con-

220 3286 302 3317 suetis
324 3285 431 3324 signavi
446 3291 557 3322 rogatus
571 3284 600 3312 in
621 3281 762 3319 majorem
785 3279 802 3310 fi
823 3291 870 3311 em
893 3281 927 3311 δε
949 3280 1144 3312 testimonium
1160 3282 1286 3318 praemis-

220 3324 324 3356 sorum.

258 3400 295 3430 Et
308 3411 366 3436 ego
378 3400 522 3439 Johannes
536 3396 688 3428 Clerenans
702 3394 847 3433 Clericus,
866 3396 995 3438 Eborum
1013 3394 1172 3433 Dioecefis,
1189 3396 1290 3427 Publi-

221 3448 273 3469 cus
288 3440 451 3469 aucsl-oritate
467 3435 635 3475 Apostoliczi
651 3434 807 3471 Notarius,
827 3435 972 3471 praemissis
986 3435 1123 3475 omnibus
1141 3434 1173 3463 ὃς
1195 3434 1290 3471 lingu-

220 3477 254 3507 lis
289 3477 358 3506 dum
375 3477 411 3506 sic
425 3484 566 3515 agerentur
582 3476 615 3506 ὃ(
629 3473 744 3511 fierent,
762 3473 817 3502 unii
840 3482 908 3502 curn
930 3472 1120 3509 supraicriptis
1145 3471 1288 3509 Magistris

220 3499 318 3545 Adam
333 3516 366 3546 &
380 3514 540 3544 Willielmo
555 3512 684 3543 Notariis
697 3513 730 3543 ὃς
748 3510 880 3541 Testibus
897 3533 905 3548 ,
922 3509 1185 3551 praesens-interfui,
1204 3522 1235 3541 ea
1253 3512 1288 3542 sic

221 3553 283 3584 fieri
298 3553 356 3584 vidi
373 3553 406 3583 &
422 3552 533 3589 audivi,
550 3551 713 3588 publicavi,
731 3549 879 3588 signoque
898 3559 964 3579 meo
978 3552 1112 3579 conlueto
1131 3550 1238 3586 lignavi
1256 3552 1286 3580 in

223 3590 307 3622 fidem
323 3592 356 3623 &
372 3590 567 3622 testimonium
582 3589 803 3627 praemissbrum.

226 3666 279 3694 Sub
295 3670 347 3696 Sex
361 3665 459 3705 sigillis
474 3664 557 3703 (viz.)
580 3663 718 3702 Epfiopi,
736 3663 774 3698 ἄν
789 3662 907 3703 Capituli
919 3664 1015 3693 SanHi
1022 3662 1164 3700 Andreae,
1182 3665 1290 3703 Episco-

256 3709 306 3742 pi,
323 3703 360 3738 &
376 3704 494 3743 Capituli
505 3702 675 3744 Catenenfis,
689 3713 720 3730 ac
734 3703 866 3742 Episcopi,
886 3701 924 3736 ὠ·
948 3701 1068 3741 Capituli
1086 3700 1290 3742 Brechenenfis,

254 3743 430 3779 pendentibus
444 3754 462 3772 a
470 3740 530 3784 filis
537 3742 629 3779 sericis
648 3750 682 3769 ex
697 3745 784 3770 variis
799 3740 935 3771 coloribus.

327 3875 375 3908 De
392 3873 527 3919 capiendo
547 3872 719 3918 Deferentes
736 3871 839 3904 Bullas
858 3876 888 3904 in
907 3875 1041 3919 Regnum
1059 3872 1184 3919 Angliae.

290 3956 316 3989 E
327 3957 359 3989 X
377 3955 483 3996 Majori
497 3959 530 3989 &
543 3956 774 3989 Vicecomitibus
786 3954 948 3987 Londoniae
958 3980 968 3995 ,
983 3957 1032 3995 qui
1048 3965 1126 3987 nunc
1139 3956 1219 3994 sunt,
1241 3957 1287 3988 vel

306 3997 355 4040 qui
389 4006 421 4028 ro
435 4004 564 4033 tempore
578 4004 678 4033 erunt,
696 3994 828 4038 Salutem:

262 4035 342 4075 Qua
375 4042 452 4066 atum
466 4033 506 4066 est
519 4033 601 4064 nobis
615 4033 733 4071 intelligi
747 4031 828 4071 quod
843 4032 1035 4071 quamplures,
1052 4031 1287 4072 nostriseRegni

639 155 1527 206 CONVENTIONES,

1611 157 2025 213 LITERAE,

1340 242 1429 286 nostri
1444 242 1561 289 Angliae
1576 244 1707 290 Inimici,
1722 255 1792 277 cum
1808 245 1924 284 LiteriS,
1942 243 2137 286 Proceffibus,
2154 245 2406 285 Instrumentis,&
2422 233 2499 271 Affl-
2511 239 2561 272 D·-

1339 281 1414 319 alus,
1432 282 1548 327 Nobis,
1569 282 1750 351 Magnatibus
1764 306 1775 322 ,
1798 283 1968 315 Proceribus
1982 308 1991 321 ‚
2016 286 2050 316 &
2072 287 2126 316 toti
2141 285 2251 323 Regno
2266 285 2407 323 praedicto
2448 286 2534 318 1357·

1339 319 1420 349 valde
1436 321 1621 359 Prae1udiciali
1643 332 1673 366 us
1688 323 1721 353 &
1737 322 1927 361 Dampnosis,
1945 333 1960 353 a
1976 323 2102 354 Partibus
2113 323 2409 363 Exteris,infraReg-
2424 319 2490 351 5¹³⁹·
2507 328 2539 356 3·

1339 366 1409 402 num
1425 359 1551 404 nostrum
1570 359 1738 397 praedictum
1750 383 1759 398 ,
1782 362 1898 400 venire,
1917 361 1951 392 &
1964 372 1996 392 ea
2012 363 2042 392 in
2056 360 2180 394 Civitate
2202 361 2354 401 praedicis,
2372 363 2408 393 &

1337 395 1422 434 alibi,
1440 407 1470 441 in
1487 397 1568 428 dieto
1583 398 1688 438 Regno
1705 398 1820 438 nostro,
1838 399 2007 430 Executioni
2021 399 2182 431 demandari
2195 402 2289 433 facere
2302 410 2408 439 propo-

1339 442 1426 477 nunt,
1444 445 1473 465 m
1487 436 1576 481 nostri
1591 437 1802 475 Contempturn
1817 438 1851 469 ὃς
1865 437 2085 477 Praejudicium,
2103 448 2138 469 ac
2157 439 2292 479 Legum,
2308 440 2343 472 δε
2355 438 2409 478 Ju-

1338 481 1416 516 rium
1424 495 1435 510 ,
1453 473 1554 512 Regiae
1566 475 1695 507 Coronae
1706 476 1831 515 nostrae,
1848 477 1882 508 ὃς
1897 475 2144 509 Consuetudinum
2158 477 2241 515 ipfius
2247 478 2346 518 Regni
2352 487 2410 508 no·

1339 509 1404 547 stri,
1424 511 1644 545 Subversionem
1660 514 1856 554 manifestam,

1361 548 1443 593 'Nos
1461 549 1709 596 (Contemptui&
1724 553 1893 592 Praejudicio
1908 553 2051 591 praedietis
2066 554 2192 585 volentes
2204 554 2333 586 remedio
2347 555 2405 585 ob·

1338 597 1415 632 viare
1428 588 1583 626 oportuno)
1599 591 1682 620 vobis
1699 591 1880 631 mandamus,
1896 591 2010 624 firmiter
2023 593 2217 631 injungentes,
2239 593 2319 631 quod
2331 603 2400 624 om-

1339 636 1388 671 nes
1401 626 1478 667 illos,
1497 638 1567 672 quos
1582 627 1618 657 ad
1632 627 1740 672 ditsstam
1757 628 1930 669 Civitatem,
1947 630 1983 661 de
1999 631 2125 662 Partibus
2139 630 2262 669 ExteriS,
2277 640 2345 662 cum
2353 631 2404 662 ali-

1340 665 1460 711 quibus,
1479 668 1562 696 nobis
1583 666 1616 697 &
1646 666 1864 710 aliispraedietis
1884 668 1922 700 sic
1943 668 2180 708 Praejudicialibus
2195 693 2207 709 ,
2231 670 2344 708 venire,
2360 669 2408 701 vel

1339 703 1431 734 versus
1447 706 1514 748 ipsas
1529 705 1640 742 Partes,
1657 715 1672 735 a
1686 704 1766 735 ἀιᾶο
1783 705 1891 742 Regno
1919 707 2019 737 nostro
2033 730 2043 746 ,
2062 719 2111 746 per
2125 708 2214 747 ipsam
2229 706 2407 747 Civitatem,

1341 752 1411 786 cum
1428 743 1588 781 hujusmodi
1604 743 1856 782 PraejudicialibuS,
1873 744 1913 774 ire
1928 746 2077 784 contigerit
2091 769 2100 785 ,
2118 747 2264 787 diligenter
2279 745 2406 784 perscru-

1341 782 1457 825 temini,
1475 783 1508 813 &
1523 792 1570 820 per
1584 782 1668 820 alios,
1686 782 1722 813 de
1736 783 1836 820 quibus
1851 781 2009 820 confiditis,
2026 785 2189 820 perscrutari
2202 786 2325 823 faciatis,

1378 819 1414 850 Et
1428 830 1529 851 omnes
1543 820 1619 857 illos,
1638 830 1710 858 quos
1723 820 1885 860 hujusmodi
1900 820 1937 850 iic
1951 820 2152 857 Praeiudicialia
2166 824 2238 855 infra
2246 824 2405 855 Civitatem

1340 858 1506 898 praedic'tam
1524 858 1651 890 detuliffe
1664 859 1838 897 inveneritis,
1851 860 1965 896 capiatis
1978 880 1987 896 ,
2006 859 2039 890 &
2061 860 2090 890 in
2112 860 2226 893 Prisona
2247 862 2342 893 nostra
2355 861 2404 892 sal-

1341 900 1398 935 νὸ,
1414 897 1517 941 absque
1535 896 1757 934 Manucaptione
1778 897 1823 928 seu
1844 898 1941 935 quavis
1959 897 2009 928 alia
2032 897 2245 931 Deliberatione
2258 901 2294 932 de
2308 903 2347 933 eis
2360 899 2404 930 fa-

1341 935 1465 1005 cffiiidgs,
1483 935 1618 966 custodiri
1638 934 1760 974 faciatis,
1777 936 1871 967 donec
1888 936 1962 967 aliud
1977 935 2043 966 inde
2060 948 2075 968 a
2099 937 2182 968 nobis
2203 938 2351 972 habueritis
2373 940 2405 971 in

1384 986 1418 1005 an
1439 979 1488 1004 atis

1378 1013 1415 1043 Et
1427 997 1524 1043 ornn’ia
1538 1022 1587 1050 ea,
1605 1012 1644 1043 sic
1660 1012 1856 1050 prae‘udicialia
1871 1012 1916 1043 seu
1931 1011 2095 1052 Dampnofii
2110 1036 2120 1053 ,
2144 1023 2243 1046 coram
2265 1016 2407 1049 nobismet

1340 1051 1402 1088 ipsis
1417 1050 1545 1082 deferatis
1563 1050 1674 1081 indilate
1689 1061 1708 1080 ο
1723 1050 1877 1088 tendenda,

1379 1089 1528 1132 Acnetiam
1542 1089 1685 1129 diligentes
1700 1088 1914 1128 inquisitiones,
1932 1087 2011 1127 super
2030 1090 2190 1129 huiusmodi
2206 1091 2408 1132 Praejudiciali-
2468 1096 2472 1099 “

1341 1128 1393 1158 bus
1427 1127 1497 1158 infra
1512 1127 1599 1164 ipsam
1616 1127 1771 1159 Civitatem
1789 1127 1827 1158 fic
1840 1126 1953 1164 delatis,
1971 1129 2005 1159 ὃς
2020 1127 2056 1159 de
2068 1137 2174 1161 caetero
2188 1131 2344 1162 deferendis
2369 1134 2404 1165 &

1340 1166 1376 1198 de
1394 1150 1566 1210 s’raejudiciis
1580 1188 1590 1203 ,
1616 1165 1836 1205 Contemptibus
1851 1189 1860 1204 ,
1877 1166 1911 1196 &
1930 1165 2069 1204 Dampnis
2100 1168 2201 1200 virtute
2215 1155 2407 1210 eorumde³m,

1340 1207 1370 1235 in
1385 1205 1484 1236 eadem
1500 1203 1623 1235 Crvrtate
1636 1204 1733 1242 factis,
1749 1205 1794 1235 vel
1816 1203 1949 1235 faciendis
1963 1229 1973 1243 ,
1996 1215 2044 1242 per
2087 1215 2278 1239 aeramentum
2292 1208 2407 1240 Probo-

1341 1254 1405 1274 rum
1422 1245 1455 1275 ὃς
1471 1243 1617 1282 Legalium
1633 1243 1798 1273 Hominum
1812 1243 1847 1274 de
1863 1242 1962 1274 Balliva
1976 1242 2083 1282 vestra,
2100 1253 2149 1282 per
2161 1254 2233 1283 quos
2247 1248 2286 1278 rei
2299 1247 2407 1280 Veritas

1344 1283 1445 1313 melius
1461 1281 1525 1312 sciri
1542 1283 1662 1320 poterit,
1681 1282 1751 1312 cum
1767 1282 1877 1313 necesse
1889 1281 1989 1321 fuerit,
2006 1281 2130 1320 faciatis,

1380 1321 1399 1341 ’¹‘
1416 1321 1452 1352 Et
1467 1330 1566 1351 omnes
1578 1320 1657 1358 illos,
1673 1330 1744 1358 quos
1759 1319 1794 1351 de
1807 1321 1944 1358 aliquibus
1958 1320 2172 1358 praemifforurn
2187 1320 2342 1354 Indietatos
2357 1325 2401 1355 in-

1341 1361 1488 1398 veneritis,
1506 1358 1628 1390 {imiliter
1644 1360 1757 1397 capiatis
1770 1381 1780 1397 ,
1802 1360 1836 1391 &
1856 1358 1985 1398 Corpora
2005 1368 2106 1391 eorum
2129 1361 2159 1391 in
2174 1359 2292 1393 Prisona
2306 1362 2404 1395 nostra

1342 1398 1487 1429 custodori
1500 1397 1607 1428 faciatis
1620 1398 1648 1427 in
1664 1397 1756 1428 forma
1772 1396 1924 1437 praedidta,
2391 1413 2397 1419 ·

1379 1437 1418 1468 Et
1434 1437 1538 1468 Literas
1551 1458 1561 1474 ,
1586 1435 1733 1467 Processus
1746 1459 1756 1474 ,
1780 1435 1970 1468 Instrumenta
1982 1459 1993 1476 ,
2018 1437 2052 1468 &
2093 1446 2263 1476 uaecumque
2283 1438 2350 1474 alia,
2365 1438 2404 1471 fic

1341 1475 1564 1514 Praejudicialia,
1580 1474 1616 1506 fic
1628 1474 1756 1513 arestata,
1772 1485 1805 1505 ac
1826 1475 1956 1506 Nomina
1977 1485 2077 1507 eorum
2098 1485 2144 1506 em
2166 1475 2406 1521 Arestandorum,

1340 1514 1375 1544 ad
1390 1513 1592 1551 nosmetipsos,
1611 1515 1663 1544 una
1677 1523 1746 1544 curn
1760 1512 1985 1551 Inquifitionibus
1999 1514 2157 1553 praediffls,
2174 1524 2242 1545 cum
2256 1514 2339 1547 faetae
2359 1515 2406 1547 fu·

1340 1555 1429 1592 erint,
1445 1553 1497 1584 sub
1511 1552 1613 1591 Sigillis
1628 1552 1741 1590 vestris,
1759 1551 1794 1583 de
1809 1560 1937 1590 tempore
1952 1554 1980 1582 in
1990 1561 2119 1591 tempus,
2137 1554 2265 1593 mittatis,
2279 1555 2316 1585 ita
2324 1554 2405 1593 quod

1340 1592 1425 1630 Nos,
1442 1591 1477 1622 de
1492 1591 1591 1622 callida
1605 1590 1819 1621 Machinatione
1838 1591 2007 1622 eorumdem
2028 1590 2218 1623 inimicorum
2238 1592 2404 1624 nostrorum

1340 1630 1496 1675 certiorati,
1516 1640 1567 1668 pro
1583 1628 1731 1660 resistentia
1744 1628 1866 1660 Malitiae
1878 1628 1932 1661 suae
1950 1629 2077 1661 ordinare
2095 1630 2233 1662 valeamus
2248 1631 2327 1670 quod
2340 1630 2403 1663 fuco

1338 1677 1375 1700 rit
1392 1678 1411 1698 O
1451 1676 1573 1698 rtunum.

1376 1678 1464 1739 Tffie
1479 1705 1564 1744 Rege
1581 1705 1654 1745 apud
1669 1704 1973 1744 westmonasterium,
1993 1706 2109 1738 decimo
2121 1707 2166 1739 die
2180 1706 2329 1743 OCtobris.

2428 1324 2448 1346 Ψ
2461 1305 2561 1356 V1,66·⁴

1546 1831 1594 1864 De
1612 1829 1767 1866 ConduHu
1779 1839 1836 1877 pro
1856 1829 1994 1878 Epistopo
2008 1832 2182 1876 Morinetfi.

1340 1917 1425 1973 RE
1434 1917 1481 1956 X,
1495 1917 1555 1948 &c.
1574 1917 1707 1949 Salutem.

1371 1956 1659 2034 Cutrbifflzllesn‘gilacbdilis
1673 1992 1755 2024 Pater
1767 2016 1777 2030 ,
1800 1992 1955 2031 Episcopus
1971 1993 2158 2031 Morinenfis,
2174 1994 2246 2025 infra
2260 1993 2397 2034 Regnum

2423 1931 2500 1964 Ann.
2513 1933 2554 1965 D.

2450 1981 2462 2002 ¹
2470 1980 2535 2012 357·

1334 2035 1462 2065 nostrum
1479 2033 1607 2072 Angliae,
1624 2043 1676 2071 pro
1696 2032 1778 2063 Pacis
1795 2032 1931 2063 Traeiatu
1946 2054 1956 2071 ,
1981 2033 2053 2063 inter
2067 2032 2135 2063 Nos
2153 2034 2186 2064 &
2204 2032 2399 2065 Adversarium
2419 2013 2472 2075 gn.
2491 2021 2537 2049 3¹·

1335 2072 1463 2104 nostrum
1481 2071 1504 2102 F
1506 2073 1627 2109 ranciae,
1646 2081 1756 2101 moram
1771 2071 1877 2107 trahat,
2423 2058 2511 2115 Fia3n}.

1373 2111 1440 2141 Nos
1454 2110 1590 2148 (volentes
1604 2110 1751 2141 Securitati
1764 2109 1844 2146 ipsius
1858 2108 2012 2146 Episcopi,
2030 2109 2063 2140 &
2085 2108 2204 2140 aliorum
2217 2110 2330 2144 suorum
2347 2109 2401 2141 Fa·
2448 2134 2457 2152 ι
2485 2129 2507 2152 E
2544 2126 2550 2132 ·

1334 2150 1482 2180 miliarium
1498 2148 1656 2187 providere)
1673 2147 1839 2185 suscepimus
1854 2148 1941 2185 ipliim
1964 2147 2157 2185 Episcopum,
2183 2157 2251 2178 cum
2273 2149 2403 2188 Triginta
2422 2133 2448 2191 73„
2465 2147 2489 2190 '5
2508 2134 2549 2162 '3⁸

1333 2188 1524 2219 Familiaribus
1540 2187 1592 2217 suis
1606 2187 1794 2224 Equitibus&
1807 2196 1909 2216 eorum
1924 2185 2398 2226 Garcionibus,Hernesiis,Pecu-
2453 2184 2459 2192 '
2493 2183 2500 2191 '

1334 2228 1379 2257 nia
1393 2226 1453 2261 &c.
1471 2233 1502 2256 ut
1516 2229 1545 2255 in
1551 2225 1682 2265 similibus
1697 2225 1729 2254 de
1745 2224 1880 2254 conducit:
1894 2227 2010 2255 Literis.

1371 2264 1404 2295 In
1419 2267 1511 2304 cujus,
1528 2265 1588 2296 &e
1609 2264 1695 2303 usque
1710 2263 1744 2294 ad
1765 2263 1879 2294 Festum
1899 2263 2011 2294 Natalis
2029 2262 2156 2294 Domini
2171 2265 2308 2302 proximo
2324 2264 2401 2297 futu—

1334 2314 1398 2335 rum
1411 2304 1557 2335 duraturas.

1406 2341 1474 2374 Dat.
1492 2344 1523 2373 in
1538 2339 1646 2374 Palatio
1660 2339 1786 2372 W'estm.
1805 2339 1919 2372 decimo
1938 2348 2036 2379 quarto
2051 2339 2098 2371 die
2113 2340 2263 2372 Odiobris.

2010 2420 2064 2448 Per
2087 2416 2169 2458 ipfiam
2190 2421 2297 2457 Regem.

1634 2546 1692 2577 Pro
1711 2541 1892 2588 Prisbnariis
1908 2541 1944 2575 de
1961 2543 2103 2576 Francia.

1333 2629 1533 2685 REX-&c
1553 2629 1688 2677 Salutem.
1727 2667 1732 2672 ·
1807 2667 1813 2672 ·
1965 2666 1970 2672 .

1424 2670 1522 2700 Sciatis
1537 2667 1615 2706 quod
1632 2667 1797 2706 suscepimus
1806 2676 1835 2697 in
1846 2665 2058 2697 protectionem
2071 2665 2104 2696 &
2119 2664 2323 2696 Defenfionem
2346 2675 2400 2696 no-

1331 2708 1431 2745 stram,
1449 2716 1564 2737 necnon
1579 2707 1608 2736 in
1623 2705 1727 2736 salvum
1749 2705 1782 2736 &
1802 2705 1930 2735 securum
1955 2703 2140 2735 Conductum
2166 2703 2310 2742 nostrum,
2327 2703 2397 2735 Tri-

1331 2747 1442 2777 starium
1457 2745 1559 2785 Kerety
1575 2744 1716 2782 Militem,
1734 2743 1941 2781 Prisonarium,
1958 2742 2053 2773 dilecti
2067 2744 2100 2774 &
2117 2741 2204 2774 fidelis
2215 2742 2304 2773 nostri
2310 2742 2397 2782 ,Ma-

1329 2786 1386 2816 thei
1402 2785 1437 2815 de
1453 2784 1606 2824 Gorneye,
1625 2783 1657 2813 &
1674 2783 1804 2822 Quatuor
1819 2781 1934 2822 Equites
1945 2781 1981 2811 de
1996 2780 2144 2812 Comitiva
2159 2781 2203 2812 sua
2219 2804 2229 2819 ,
2252 2781 2346 2812 eundo
2359 2781 2395 2813 ad

1331 2833 1417 2862 partes
1431 2821 1531 2853 Calesii
1541 2845 1551 2862 ,
1568 2822 1601 2853 ὃς
1616 2821 1717 2852 exinde
1734 2821 1767 2852 ad
1782 2820 1875 2851 Partes
1888 2819 1912 2850 F
1913 2820 2017 2850 ranciae
2027 2842 2038 2859 ,
2051 2829 2084 2850 ac
2099 2819 2199 2851 exinde
2214 2820 2244 2850 in
2258 2819 2394 2859 Angliam

1331 2861 1508 2938 lecliiugtcisss,
1524 2900 1584 2930 &a
1603 2898 1687 2938 usque
1708 2897 1743 2928 ad
1767 2896 1882 2928 Festum
1904 2896 2014 2927 Natalis
2028 2895 2153 2927 Domini
2172 2896 2305 2934 proximo
2321 2896 2396 2928 fiitu-

1329 2949 1396 2971 rum
1412 2939 1563 2969 duraturas.

1405 2977 1472 3009 Dat.
1500 2976 1573 3015 apud
1589 2972 1873 3007 Westmonasterium
1889 2995 1899 3011 ,
1917 2972 2034 3004 decimo
2048 2971 2125 3003 sexto
2138 2971 2184 3004 die
2198 2970 2345 3004 Ocrobris.

2418 2643 2492 2676 Ann.
2504 2642 2544 2685 n

2415 2691 2527 2759 A1735371·.
2551 2728 2555 2750 ¹.

2417 2765 2513 2827 fiii-2.
2549 2812 2554 2820 .

2020 3050 2073 3079 Per
2088 3048 2172 3088 igtshm
2186 3052 2291 3088 Regem.

1387 3130 1555 3162 Consimiles
1567 3130 1672 3161 Literas
1686 3128 1721 3159 de
1735 3127 1891 3159 Conduetu
1905 3126 2008 3159 habent
2020 3104 2182 3166 subscripti,
2197 3126 2345 3168 videlicet,

1329 3208 1461 3238 Geraldus
1476 3207 1644 3245 Malepewe,
1661 3216 1718 3235 cum
1731 3204 1860 3244 ,Quatuor
1875 3203 2032 3244 Equitibus.

1331 3247 1462 3277 Robertus
1477 3248 1579 3284 lVarny
1593 3256 1650 3274 cum
1666 3247 1724 3273 Uno
1740 3242 1877 3282 Scutifero.

1329 3285 1470 3324 Galfridus
1488 3281 1658 3320 Maungonel
1673 3283 1704 3312 de
1724 3281 1873 3312 Pincemble
1885 3304 1894 3320 ,
1919 3278 2034 3321 Scutifer
2055 3282 2165 3311 Comitis
2185 3280 2217 3310 de
2239 3280 2395 3322 Salebruce·,

1367 3335 1423 3353 cum
1439 3323 1552 3353 Duobus
1566 3321 1680 3351 Valettis
1692 3319 1730 3356 &⁴
1744 3320 1839 3351 Tribus
1853 3322 1949 3360 Equis.

1331 3367 1420 3394 Comes
1434 3363 1465 3391 de
1480 3361 1631 3398 Veniam,
1647 3359 1816 3398 Prisbnarius
1830 3361 1924 3397 Regis,
1941 3358 2026 3388 eundo
2043 3365 2092 3396 per
2109 3355 2255 3398 Calqfium,
2274 3358 2325 3388 vel
2339 3361 2394 3389 Bo-

1369 3401 1465 3431 loniam
1475 3422 1483 3437 ,
1501 3400 1541 3429 ad
1553 3401 1650 3428 Partes
1665 3401 1788 3428 Franciae
1803 3409 1860 3427 cum
1873 3396 2016 3427 Duodecim
2030 3395 2184 3436 Equitibus.

1332 3442 1429 3469 Petrus
1442 3439 1536 3478 Prescy
1555 3436 1700 3475 Chivaler‚
1721 3436 1889 3476 Prisimarius
1912 3434 2022 3464 Mathei
2043 3437 2075 3464 a'e
2100 3436 2238 3476 Gourney,
2257 3434 2398 3465 eundorad

1367 3481 1465 3508 Partes·
1479 3480 1601 3507 Franciae
1616 3487 1674 3505 cum
1687 3479 1739 3505 Sex
1753 3473 1912 3514 Equitibus,
2135 3483 2137 3486 ’
2452 3475 2455 3478 ’
2559 3494 2561 3512 ¹

1333 3517 1432 3547 Vitalis
1453 3517 1484 3546 de
1505 3517 1600 3544 Perers
1621 3525 1677 3543 cum
1697 3513 1827 3553 Quatuor
1847 3510 2009 3552 Equitibus,
2033 3511 2116 3541 eundo
2133 3510 2174 3541 ad
2185 3517 2278 3550 partes
2292 3510 2395 3549 praedi-
2550 3511 2561 3518 '¹

1330 3557 1472 3623 Pegiiss'de
1488 3594 1652 3628 Mountaign
1666 3592 1746 3619 Prior
1759 3588 1790 3617 de
1807 3586 1961 3617 Neromulle
1978 3610 1988 3627 ,
2012 3587 2045 3618 de
2057 3587 2188 3618 Partibus
2207 3588 2330 3616 Franciae
2342 3596 2394 3616 ve-

1369 3633 1464 3662 niendo
1476 3634 1505 3660 in
1519 3629 1669 3667 Angliam,
1685 3638 1742 3657 cum
1753 3629 1806 3656 Sex
1821 3625 1977 3667 Equitibus.
2540 3650 2551 3666 l

1650 3757 1709 3787 Pro
1727 3753 1904 3797 Prifimariis
1919 3750 1956 3785 dc
1969 3754 2079 3785 Scotia.

1333 3840 1537 3910 DUncanus
1554 3839 1671 3879 Walays
1686 3861 1695 3876 ,
1719 3837 1844 3868 Valettus
1864 3836 1992 3880 Thomae
2007 3833 2043 3864 de
2066 3828 2196 3877 Mur-fef,
2211 3834 2249 3879 de
2266 3835 2395 3867 Partibus
2411 3836 2484 3869 Ann.
2496 3834 2525 3866 [ἓ
2556 3832 2561 3858 ¹

1359 3906 1368 3909 ,
1412 3879 1535 3917 Scotiae,
1554 3879 1601 3916 qui
1617 3877 1708 3907 Obses
1723 3886 1777 3914 pro
1795 3874 1891 3905 David
1915 3874 1950 3904 de
1975 3872 2060 3913 Bruys
2079 3881 2109 3901 in
2127 3872 2233 3916 ᾼῐιὲὴᾶ
2250 3883 2392 3913 moratur,
2436 3881 2511 3916 1357

1328 3918 1411 3948 habet
1426 3916 1532 3947 Literas
1547 3915 1583 3946 de
1597 3914 1770 3952 Conductu,
1788 3914 1872 3950 usque
1886 3912 1919 3942 ad
1935 3910 2047 3941 Festum
2063 3909 2225 3943 Nativitatis
2238 3911 2392 3952 SanctiJO-
2409 3917 2461 3942 An.
2475 3921 2506 3951 3¹
2519 3918 2522 3937 a
2552 3920 2561 3938 i

1328 3956 1428 3987 hannis
1440 3953 1570 3991 Baptistae
1585 3954 1720 3992 proximo
1735 3952 1859 3982 futurum
1876 3949 2022 3992 duraturas.
2409 3956 2437 3979 E.
2455 3961 2480 3988 3,

1365 3992 1435 4024 Dat.
1452 3993 1526 4031 apud
1541 3991 1670 4024 Westrn.
1688 3990 1826 4024 vicesimo
1837 3988 1934 4027 quinto
1947 3986 1992 4019 die
2008 3985 2154 4020 Octobris.
2406 3994 2470 4017 scot.
2493 3996 2505 4025 3

2284 4064 2388 4101 confi·
2403 4032 2437 4102 ξ.
2458 4036 2484 4065 3.
2499 4035 2506 4055 ι
