2561 4251
203 146 284 186 108

50 226 127 258 hm·
145 223 187 256 D·
205 228 380 263 Landavensi
394 225 542 261 Ecclesiae,
559 221 606 254 cui
618 229 687 253 tunc
699 228 832 259 praeerat,
846 219 1010 254 tenebatur,
1029 214 1064 245 de
1073 214 1203 245 Fratrum
1212 221 1269 242 no-

76 272 161 305 ¹395-

55 308 108 333 Ric.
125 315 150 333 z.

204 271 326 302 stromm
339 266 467 298 Consilio
478 266 511 295 &-
529 260 703 299 Apostolicae
715 258 865 290 Potestatis
878 255 1071 296 plenitudine,
1087 252 1272 288 absolventes,

204 309 296 348 ipsum
311 307 345 338 ad
365 304 519 336 Ecclesiam
535 298 790 340 VVygorniensem,
805 305 874 326 tunc
896 294 1014 325 Pastore
1028 300 1192 329 carentem,
1212 289 1272 333 Au-

205 348 338 380 &oritate
353 340 519 382 Apostolica
532 339 664 370 duximus
677 334 916 371 transferendum,
932 330 1116 371 praeficiendo
1130 330 1222 370 ipsum
1229 327 1273 358 di-

209 388 266 420 &ae
282 384 322 414 W
325 381 482 424 ygorniensi
496 378 631 410 Ecclesiae
648 378 676 406 in
692 374 869 414 Episcopum
884 372 918 402 &
931 370 1099 408 Pastorem,

248 424 333 461 Nos,
348 421 382 452 ad
398 419 595 450 Provisionem
607 415 727 453 ejusdem
743 411 933 443 Landavensis
953 409 1088 440 Ecclesiae
1103 406 1226 438 celerem
1240 405 1274 435 &-

210 463 342 499 felicem,
358 461 395 489 ne
408 458 503 497 longa:
516 454 682 486 Vacationis
693 452 863 482 detrimenta
875 449 992 487 subiret,
1011 447 1132 486 paternis
1153 447 1187 477 ὅ(
1201 443 1276 488 solli-

210 503 276 533 citis
289 499 384 529 studiis
395 496 588 531 intendentes,
608 491 672 530 post
686 490 949 526 Deliberationem,
967 497 1055 526 quarn
1069 486 1106 516 de
1118 482 1276 524 praeficien-

213 541 251 571 do
264 538 357 569 cidem
371 534 545 567 Landavenli
558 531 694 562 Ecclefiae
709 528 862 560 Personam
876 527 976 558 utilem
991 526 1024 557 &
1046 526 1131 555 etiam
1146 522 1276 553 fructuo-

211 579 267 610 sam
283 586 352 607 cum
367 570 602 605 dietis‘fratribus
614 569 715 600 nostris
727 568 894 605 habuimus,
911 565 1079 605 diligentem
1093 562 1211 593 demum
1224 559 1278 598 ad,

67 602 86 633 ὁ
108 614 176 642 VII.
210 615 346 648 dilectum
360 614 483 650 Filium,
501 610 647 641 Andream
665 611 767 644 Baret,
785 605 922 636 Elechm
937 601 1163 638 Landavensem,
1181 597 1279 629 *Cle-

69 654 138 682 822.

213 657 308 687 ricum
326 649 532 685 Saresbiriensis
547 647 707 685 Dioecesis,
729 645 865 676 Clericali
887 644 1020 674 duntaxat
1044 640 1197 671 caractere
1214 636 1279 668 insi-

234 696 343 732 nitum‚
362 692 474 729 Legum
491 688 677 725 Doctorern,
695 683 886 723 Capellanum
901 681 1052 719 nostrum,
1070 681 1104 712 &
1122 676 1279 710 Causarum

212 704 313 766 Palatii
333 727 494 769 Apostolici
511 727 698 762 Auditorcm,
1105 757 1110 762 ⁵
1260 754 1265 760 .

256 771 314 802 Cui
332 771 367 801 de
384 767 462 799 Vitae
481 766 635 804 munditia,
651 761 796 793 honestate
814 769 949 798 morum,
972 756 1163 799 Spiritualium
1204 764 1282 785 row-

217 811 328 848 dentia,
352 809 386 841 &
403 805 625 844 Temporalium
649 800 923 840 circumspeffione,
946 799 980 829 ὅ(
1003 797 1062 829 aliis
1079 795 1182 835 multip
1191 796 1281 824 icium

214 849 366 887 ‚virtutum
385 846 500 883 Dorus,
516 843 590 881 apud
609 840 678 872 Nos
696 839 840 877 fidedigna
856 837 1021 869 testimonia
1037 834 1238 876 perhibentur,

254 887 421 919 Direximus
437 884 537 914 oculos
554 880 659 911 nostrae
678 879 795 916 mentis,

253 926 371 965 Qibus
387 923 522 954 omnibus
538 919 633 951 debita
648 917 832 948 meditatione
851 915 986 954 pensatis,
1008 913 1043 943 de
1061 911 1186 942 Persona
1200 909 1283 948 ipsius

213 965 342 998 'Andreae
359 962 470 999 Electi,
487 960 587 991 Nobis
605 959 638 990 &
655 956 758 987 eisdem
777 955 934 992 Fratribus,
951 954 992 984 ob
1006 951 1153 982 diCtorum
1166 951 1281 993 suorum

217 1004 388 1043 exigentiam
404 1000 591 1036 Meritorum,
617 995 752 1034 accepta,
775 994 868 1024 eidem
887 989 1065 1023 Landavensi
1080 989 1229 1027 Eccleliae,
1245 986 1282 1018 de

218 1042 344 1083 ipsorum
363 1041 492 1072 Fratrum
511 1036 660 1074 Consilio,
686 1033 865 1065 Auetoritate
887 1028 1071 1068 Apostolica,
1089 1027 1282 1067 providimus,

219 1081 369 1122 ipsumque
388 1079 424 1108 illi
441 1076 618 1116 praefecimus
635 1075 664 1104 in
684 1072 860 1113 Episcopum
878 1070 911 1100 &
930 1068 1095 1107 Pastorem,

254 1119 364 1151 Curam
387 1118 420 1148 &
442 1114 727 1147 Administrationem
748 1112 756 1140 i
780 1111 830 1140 lius
849 1107 1038 1140 Landavensis
1058 1105 1192 1137 Ecclesiae
1211 1113 1284 1143 prae-

220 1159 280 1192 fato
302 1157 426 1224 Andre?
444 1154 548 1186 Eleem
563 1176 572 1192 ,
596 1154 626 1183 in
642 1151 763 1190 Spiritua
774 1150 835 1180 ibus
854 1149 888 1180 &
905 1145 1147 1185 Temporalibus,
1164 1144 1285 1183 plenarie

221 1205 393 1230 committen
414 1204 433 1225 o

254 1235 287 1267 In
306 1235 371 1273 illo,
389 1216 503 1271 qiii'dat
521 1229 635 1261 Gratias
650 1229 682 1260 &
701 1227 815 1267 largitur
833 1225 970 1263 Praemia,
990 1222 1167 1255 confidentes
1187 1219 1286 1260 quod,

218 1275 360 1313 dirigente
380 1271 514 1302 Domino
538 1269 628 1300 Astus
649 1267 729 1307 suos,
748 1266 850 1297 eadem
868 1263 1057 1296 Landavensis
1076 1261 1216 1298 Ecclesia,
1233 1259 1285 1290 sub

221 1317 230 1346 i
253 1314 301 1343 lius
322 1310 443 1342 Andreae
462 1308 553 1340 Eleeti
579 1306 655 1338 felici
674 1306 827 1344 Regimine
841 1327 850 1342 ,
875 1302 990 1334 deittera
1009 1301 1132 1333 Domini
1154 1301 1204 1330 {ibi
1221 1297 1286 1330 assi-

245 1361 311 1383 ente
330 1347 463 1389 propria,
486 1347 628 1378 salubriter
644 1345 677 1376 &
696 1345 826 1385 prospere
851 1342 986 1381 dirigetur
1001 1365 1010 1379 ,
1034 1349 1169 1378 grataque
1187 1339 1216 1369 in
1234 1336 1285 1368 eis-

220 1392 290 1423 dem
310 1388 501 1428 Spritualibus
519 1386 553 1417 ὃς
569 1384 648 1415 Tem
669 1383 791 1414 oralibus
803 1381 929 1418 {uscipiet
946 1381 1137 1410 incrementa:

255 1429 406 1469 Qiocirca
434 1425 618 1456 Serenitatem
674 1423 768 1459 egiam
793 1429 925 1460 rogamus
949 1420 982 1450 &
1007 1418 1154 1449 hortamur
1177 1415 1284 1447 attente

218 1471 349 1508 quatinus
366 1465 488 1495 eundem
508 1462 652 1494 Andrfflm
667 1459 819 1498 Electum,
836 1458 891 1489 una
903 1467 973 1489 cum
981 1456 1123 1495 Ecclesia,
1140 1456 1190 1486 suo
1204 1463 1285 1484 com-

222 1506 304 1539 missa
324 1504 486 1543 Regimini,
503 1502 626 1539 habens,
651 1510 704 1538 pro
731 1498 838 1529 Divina
863 1498 897 1528 &
920 1495 1094 1535 Apostolicae
1113 1494 1191 1526 Sedis
1207 1503 1288 1523 reve-

220 1548 309 1578 rentia
324 1568 333 1583 ,
358 1541 520 1582 propensius
536 1538 756 1571 commendatos
768 1560 779 1576 ,
804 1537 841 1567 iic
859 1535 964 1567 eisdem
983 1544 1011 1566 te
1028 1533 1158 1566 exhibeas
1176 1531 1287 1562 Favore

220 1586 300 1624 regio
319 1582 486 1614 benivolum
502 1603 511 1618 ,
535 1579 569 1610 &
587 1580 617 1609 in
636 1576 895 1616 opportunitatibus
911 1573 1061 1615 gratiosum
1077 1596 1086 1608 ,
1108 1571 1187 1610 quod
1206 1570 1284 1613 idem

221 1623 349 1656 Andreas
370 1620 484 1651 Electus
498 1641 507 1657 ,
534 1627 583 1655 per
609 1615 753 1647 Auxilium
771 1624 828 1645 tuce
846 1612 954 1644 Gratiae
969 1635 979 1651 ,
1003 1614 1031 1642 in
1049 1609 1217 1642 Commisso
1234 1610 1286 1639 libi

221 1660 406 1694 Landavenlis
426 1656 559 1688 Ecclei'iae
577 1654 699 1693 praefatae
720 1653 768 1684 Re
788 1653 894 1690 imine,
913 1652 1009 1684 utilius
1029 1649 1168 1688 proficere
1186 1649 1287 1686 valeat,

219 1710 305 1739 tuque
330 1696 452 1738 proinde
464 1695 609 1734 assequaris
627 1694 743 1732 praemia
782 1692 908 1722 elicitatis
923 1699 1054 1726 aeternae,
1071 1698 1105 1720 ac
1126 1698 1178 1718 nos
1198 1688 1284 1719 etiarn

220 1739 427 1771 Celsitudinem
446 1734 571 1772 Regiam
592 1732 741 1771 condignis
766 1729 903 1770 possimus
927 1731 958 1760 in
978 1727 1113 1758 Domino
1138 1726 1286 1758 Laudibus

220 1776 434 1811 commendare.

256 1816 325 1847 Dat.
343 1818 433 1844 Romae
450 1811 525 1851 apud
543 1809 671 1840 Sanctum
689 1809 802 1838 Petrum
820 1808 858 1838 iv.
877 1806 965 1838 Non.
980 1805 1077 1845 Junii,
1095 1802 1285 1836 pontificatus

218 1855 307 1887 nostri
325 1853 413 1884 Anno
429 1851 526 1882 Sexto.

91 1990 130 2032 „Ia
147 1990 189 2031 >p
220 1983 268 2014 De
295 1972 565 2015 procuratoribus,
588 1972 633 2006 ad
659 1974 922 2011 Adatrimonium‚
958 1981 1027 2001 cum
1051 1968 1132 2001 filia
1157 1965 1286 2012 Consan-

365 2027 471 2073 guinei
493 2026 645 2064 Francia,
670 2018 904 2054 contrahendum
917 2046 927 2061 ,
951 2015 1125 2061 constitutis.

74 2119 153 2151 Ann.
167 2117 205 2148 D.
218 2111 336 2173 REX
352 2110 486 2142 omnibus
504 2108 610 2139 Christi
629 2106 786 2144 Fidelibus,
804 2105 838 2136 ad
856 2114 928 2143 quos
946 2103 1094 2142 praesentes
1109 2101 1213 2132 Literae
1223 2109 1286 2139 per-

96 2166 180 2198 ¹395-

291 2151 445 2188 venerint,
467 2148 592 2179 Salutem
608 2170 618 2187 ,
648 2148 681 2178 ὃς
707 2145 796 2176 fidem
820 2144 969 2174 indubiam
995 2141 1182 2173 Praesentibus
1206 2140 1287 2171 adhi-

73 2201 115 2225 Λιι
145 2207 188 2232 ¹9·
218 2193 295 2222 bere.

73 2240 103 2264 R.
123 2245 149 2263 2.

74 2269 379 2310 Franc.i9.deratione,
399 2264 569 2303 prospiciens
583 2287 593 2302 ,
617 2263 717 2293 Primo
738 2261 961 2291 Domitiantium
982 2259 1091 2298 Legem
1110 2257 1204 2295 dedit,
1245 2257 1289 2294 ua,

73 2318 102 2341 R.
122 2322 147 2339 2.

74 2362 111 2380 m.
130 2361 171 2387 ¹9.

255 2229 409 2261 Plasmator
427 2226 610 2263 Hominum,
628 2223 684 2263 ipse
701 2222 801 2261 Deus,
821 2220 1001 2252 Matrimonii
1018 2211 1114 2257 Bona,
1131 2218 1178 2257 pia
1194 2216 1287 2249 consi-

221 2308 255 2338 ὃς
274 2309 330 2344 ejus
345 2307 481 2337 frueretur
499 2303 602 2340 Bonis,
621 2302 653 2332 δε
672 2301 804 2340 Speciem
824 2300 999 2329 continuaret
1018 2299 1046 2328 in
1065 2296 1206 2334 Posteris,
1255 2295 1289 2324 d-

216 2347 333 2385 jutorii,
353 2346 402 2375 sibi
415 2343 490 2380 dati,
508 2340 634 2381 legitima
652 2339 774 2378 gaudens
792 2337 1028 2375 conjunctione,
1046 2337 1096 2366 sub
1113 2336 1227 2366 fincel'ae
1245 2335 1288 2366 di-

222 2385 355 2416 ledtionis
368 2393 401 2414 ac
419 2382 532 2412 Animae
549 2382 582 2410 &
598 2378 739 2415 Corporis
754 2378 878 2412 unitate,

264 2423 308 2453 Ex
333 2425 411 2459 cujus
435 2420 527 2459 legalis
551 2416 776 2454 Conjiinffionis
802 2415 924 2445 Fccdere
949 2414 1116 2452 plerumque
1140 2411 1288 2449 provenit,

220 2461 290 2493 Deo
308 2471 384 2501 grata
396 2483 406 2499 ,
431 2459 544 2489 Sobolis
563 2458 722 2497 procreatio
735 2477 745 2492 ,
773 2453 896 2484 Linealis
914 2451 1060 2483 Successio
1074 2474 1084 2490 ,
1110 2449 1232 2488 Consan⁴
1247 2451 1289 2480 ui-

218 2510 339 2531 neotum
359 2500 425 2529 hinc
444 2499 476 2528 &
496 2496 560 2527 inde
576 2494 719 2526 laudabilis
735 2493 898 2532 Alligantia,
916 2491 1033 2522 Amoris
1047 2490 1179 2521 Soliditas
1194 2490 1223 2518 in
1267 2490 1289 2519 i-

221 2539 321 2577 lectis,
338 2539 370 2569 &
387 2535 622 2567 Discordantibus
641 2534 687 2562 via
703 2531 803 2569 Pacis,

259 2576 336 2608 Haec
352 2577 422 2606 dum
438 2576 554 2604 internae
573 2571 802 2603 considerationis
819 2569 908 2600 oculo
926 2578 1114 2605 renovamus,
1131 2574 1292 2604 appetentes

223 2615 357 2657 praedffita
380 2612 511 2643 Proficua
529 2613 611 2642 nobis
629 2611 662 2641 &
680 2609 785 2640 nostra:
804 2608 984 2646 Reipublicae
997 2629 1006 2645 ,
1033 2617 1085 2644 pro
1101 2605 1200 2636 nostro
1219 2614 1293 2636 tem-

224 2664 312 2694 pore,
330 2653 433 2683 divinis
447 2650 593 2688 Nutibus,
610 2649 740 2684 evenire,
756 2647 919 2685 divulgante
940 2645 1028 2676 Fama
1042 2645 1161 2682 celebri,
1180 2645 1213 2674 ὅ(
1230 2653 1292 2674 cre-

224 2694 356 2725 dibilium
384 2689 567 2721 Personarum
585 2686 682 2717 crebra
700 2686 833 2716 relatione
850 2685 950 2715 nostris
969 2685 1091 2714 Auribus
1110 2683 1291 2720 inculcante,

224 2741 329 2771 quanta
346 2732 374 2760 in
399 2726 597 2768 precariffima
614 2725 698 2755 nobis
717 2723 845 2753 Domina
865 2745 874 2760 ,
899 2722 1032 2759 Ilabella,
1058 2721 1130 2751 Fi‘lia
1156 2724 1247 2751 Primo
1264 2732 1292 2750 e-

223 2776 287 2802 nita
304 2769 428 2800 Domini
441 2765 558 2802 Karoli,
575 2762 708 2795 cariffitni
728 2765 782 2791 Con
795 2764 920 2797 anguinei
939 2760 1020 2799 nostri
1036 2764 1160 2789 Franciae
1176 2785 1185 2796 ,
1208 2770 1239 2790 re
1259 2769 1292 2789 o-

223 2819 281 2842 reat
294 2807 418 2838 Generis
435 2805 599 2841 Nobilitas,
616 2803 707 2842 vigeat
727 2801 760 2831 &
804 2800 901 2830 lorum
921 2798 1068 2836 honestas,
1085 2799 1149 2829 licet
1166 2799 1217 2829 sub
1233 2799 1293 2828 An-

224 2851 268 2880 nis
283 2847 375 2878 adhuc
391 2845 494 2876 teneris
507 2843 590 2874 fuerit
604 2840 775 2877 constituta,
794 2838 898 2878 ipsam,
913 2836 949 2868 ad
968 2837 1079 2868 laudem
1103 2836 1160 2866 Dei
1175 2839 1207 2868 ὃς
1223 2846 1294 2874 pize-

224 2886 372 2918 dufforum
387 2884 534 2915 Bonorum
549 2880 755 2918 expletionem,
773 2876 882 2907 summa
900 2875 1040 2907 mediante
1054 2874 1171 2912 Gratia,
1191 2885 1292 2914 perop-

224 2934 317 2957 tamus
329 2924 433 2955 habere
445 2922 598 2961 conjugem
611 2919 715 2949 divinae
727 2918 760 2948 ὃς
776 2917 909 2947 humanae
925 2913 1045 2945 Domus
1059 2914 1201 2952 pariter&
1211 2912 1295 2944 Con-

228 2965 356 3001 sortem,

265 3002 348 3033 Hinc
368 2999 409 3030 est
425 2997 522 3038 quod,

266 3039 314 3071 De
329 3039 458 3069 fidelitate
472 3038 504 3067 &
519 3034 673 3074 legalitate,
688 3032 836 3073 prudentia
850 3033 883 3064 &
897 3030 1153 3071 circumspectione
1168 3028 1296 3068 provida,

229 3077 444 3110 venerabilium
466 3075 600 3113 Patrum,
626 3073 736 3103 Roberti
757 3070 878 3110 Diablin,
905 3070 1138 3108 Archiepiscopi,
1153 3067 1296 3107 Johannir

230 3115 402 3156 Menevenfis
419 3114 568 3153 Episcopi,
585 3123 635 3149 ac,
653 3110 859 3143 carissimorum
881 3107 1167 3147 Consanguineorum
1184 3107 1296 3137 nostro-

231 3166 318 3194 rum,
336 3153 474 3185 Edwardi
490 3155 598 3181 Comitis
616 3149 804 3187 Rotelandiae,
821 3147 928 3178 Thomae
947 3150 1057 3177 Comitis
1082 3145 1239 3183 filarefialli
1257 3143 1295 3178 ῤ’

234 3193 446 3234 Norynghamiae
456 3215 465 3231 ,
481 3192 513 3222 &
528 3189 670 3229 Johannis
693 3192 802 3218 Domini
820 3188 852 3216 de
869 3189 1039 3225 Beaumont,
1056 3196 1089 3216 ac
1111 3182 1255 3215 Willielmi
1273 3182 1296 3212 le

231 3231 490 3272 Scrop,Camerarii
502 3228 591 3260 nostri
612 3229 645 3258 ὃ(
661 3236 761 3268 eorum
776 3225 1072 3263 ciuussibet,plenarie
1085 3222 1279 3258 confidentes,

271 3272 318 3302 Ad
333 3268 571 3301 Contrahendum
595 3265 730 3335 Aponialia
746 3288 755 3302 ,
785 3274 835 3303 per
851 3265 938 3296 verba
957 3263 993 3294 de
1013 3264 1108 3294 futuro
1122 3285 1131 3301 ,
1163 3261 1208 3292 seu
1230 3260 1298 3291 Ma-

234 3311 404 3343 trimonium
423 3318 472 3348 per
493 3307 576 3337 verba
615 3315 631 3334 e
651 3303 794 3342 praesenti,
820 3312 888 3332 cum
908 3302 1042 3340 praedicta
1059 3301 1208 3337 Domina,
1227 3308 1300 3337 quo—

235 3359 359 3387 cumque
378 3347 469 3378 modo
485 3343 701 3376 convenientius
720 3342 753 3372 &
773 3341 925 3371 ordinatius
938 3341 1044 3378 dejure
1058 3340 1117 3370 fieri
1129 3339 1249 3379 poterit,
1264 3337 1298 3368 &

235 3390 264 3419 in
278 3387 395 3419 eandem
405 3410 414 3425 ,
426 3386 488 3425 jure
503 3382 712 3420 Sponsaliorum
727 3388 757 3411 ut
777 3380 806 3409 in
820 3379 976 3417 Sponsam,
994 3379 1039 3410 seu
1063 3377 1247 3409 Matrimonii
1268 3382 1300 3405 ut

236 3429 265 3458 in
289 3425 438 3459 Uxorem,
457 3422 558 3453 nostro
573 3422 708 3456 nomine,
724 3418 957 3448 consentiendum
967 3441 976 3456 ,
993 3428 1027 3449 ac
1041 3418 1128 3448 verba
1141 3414 1301 3454 sponsalio-

237 3474 320 3501 rum,
336 3465 380 3494 seu
396 3461 577 3493 Matrimonii
598 3460 633 3489 de
655 3457 801 3498 praesenti,
819 3465 869 3495 per
890 3456 994 3494 ipsam,
1011 3457 1076 3486 vice
1100 3453 1217 3492 mutua,
1234 3462 1303 3496 pro-

97 3500 116 3519 *
132 3500 198 3526 Vll.
239 3502 369 3539 ferenda,
388 3502 406 3520 *
423 3503 455 3532 δε
473 3497 678 3530 Consesensum
700 3498 729 3526 in
744 3495 828 3533 Nos,
845 3504 894 3532 per
909 3493 996 3532 ipsam
1013 3493 1218 3533 praebendum,
1232 3500 1305 3522 reel-

97 3539 162 3574 803.

240 3541 394 3584 piendum,
412 3541 445 3571 ὅ(
460 3537 683 3574 acceptandum,
970 3572 974 3576 ι

280 3579 411 3610 Necnon
432 3578 467 3608 ad
485 3575 682 3607 Tractandum
705 3582 773 3603 cum
794 3571 1045 3609 Procuratoribus,
1071 3570 1254 3606 Parentibus,
1269 3568 1303 3598 δε

244 3618 354 3649 Amicis
367 3617 486 3654 eiusdem
503 3615 642 3645 Dominae
653 3612 689 3642 de
705 3611 803 3648 Dote,
819 3610 976 3647 Dotalitio,
994 3610 1027 3639 &
1044 3609 1213 3640 Donatione
1220 3616 1307 3646 prop-

245 3666 286 3687 ter
301 3656 439 3694 Nuptias,
459 3663 492 3684 ac
509 3653 587 3683 Arris
601 3653 629 3681 in
645 3651 699 3680 hac
714 3659 792 3688 parte
805 3648 1024 3685 constituendis,

282 3694 320 3724 Et
334 3703 436 3724 eorum
450 3691 620 3730 singulorum
636 3689 777 3727 Qalitate
787 3711 796 3724 ,
813 3688 846 3717 &
862 3686 1045 3724 Qantitate,

290 3733 334 3762 Ac
350 3734 436 3763 etiarn
452 3731 488 3761 de
503 3729 665 3766 Terminis,
681 3727 786 3765 Locis,
801 3726 834 3757 δε
857 3725 958 3755 Modis
974 3724 1157 3755 Solutionum
1179 3724 1213 3755 δε
1227 3722 1311 3753 Satis-

252 3769 407 3800 faCtionurn
421 3771 457 3800 de
472 3768 578 3799 eisdem
587 3790 596 3804 ,

255 3808 333 3877 debe
347 3810 432 3876 eihs?
453 3808 575 3847 Qianto
588 3805 738 3842 Tempore
759 3802 894 3841 Expensis
913 3801 1067 3833 Parentum
1084 3803 1118 3833 &
1139 3799 1310 3831 Amicorum

315 3854 355 3875 eat
378 3857 396 3876 u
422 3856 509 3877 entari

293 3883 423 3914 Necnon
437 3887 470 3914 ad
484 3868 570 3922 qu'em
582 3883 681 3913 locum
696 3879 830 3919 praedicta
845 3879 990 3915 Domina,
1008 3879 1042 3909 &

255 3924 296 3961 jus
310 3920 458 3960 Expensis,
476 3924 508 3953 ὃς
524 3923 573 3953 sub
588 3932 642 3959 qua
657 3920 766 3956 forma,
783 3928 832 3958 per
853 3917 985 3948 Parentes
1003 3918 1036 3947 ὃς

258 3959 422 3997 transmitti,
437 3961 670 3990 conveniendum
691 3959 724 3990 &
741 3956 992 3993 concordandum,

1077 3878 1188 3916 uando,
1205 3886 1238 3909 ac
1261 3885 1312 3906 cu-

1056 3889 1193 3955 Xmicos,
1211 3914 1313 3946 debeat

682 123 1464 176 CONVENTIONES,
1520 120 1912 172 LITERAE,

1306 217 1389 241 tenus
1403 209 1437 240 ad
1453 208 1523 241 Nos
1536 210 1652 248 attinet,
1668 207 1841 240 omnimoda
1853 208 2026 248 Securitate,
2041 206 2163 241 honesta
2178 208 2212 241 &
2233 209 2376 252 legitima,
2385 214 2460 248 Am,
2473 216 2516 251 1),

1315 248 1451 280 Nomine
1465 247 1564 278 nostro
1579 247 1768 286 firmandum,

2409 265 2502 303 ,¹395«

1345 287 1536 325 Similemque
1557 286 1744 318 Securitatem
1764 285 1904 317 Nomine
1921 283 2038 325 nostrO,
2053 286 2228 328 Petendum,
2243 288 2376 329 stipulan-
2386 298 2438 326 Ru.
2457 307 2484 326 2,

1308 325 1398 364 dum,
1417 327 1451 357 &
1465 326 1684 364 recipiendum,

1334 364 1565 409 ‘Jurandumque
1580 365 1610 394 in
1625 363 1764 394 Animam
1777 362 1905 394 nostram
1923 362 2005 401 quod
2025 361 2216 396 Contran
2230 367 2376 407 hujusmo-

1311 402 1341 433 di
1358 403 1468 447 Rarum
1484 403 1673 441 habebimus,
1688 412 1744 434 nec
1758 401 1932 434 Potestatem
1945 401 2128 442 praesentem,
2145 403 2191 433 eis'
2201 405 2313 444 datam,
2330 416 2375 437 re-

1311 441 1500 480 vocabimus,
1517 441 1624 480 aliquid
1636 442 1681 472 vel
1695 441 1830 472 faciemus
1842 449 1888 471 aut
1897 441 2127 479 procurabimus,
2143 450 2193 480 per
2205 445 2282 482 quod
2292 444 2377 476 Con-

1312 480 1419 525 tractus
1439 480 1621 519 hujusmodi,
1644 480 1690 511 seu
1712 481 1773 523 ejus
1790 479 1886 510 debita
1905 478 2145 519 Consummatio,
2163 480 2192 510 in
2213 483 2275 514 casu
2295 494 2356 529 quo

1313 529 1365 559 per
1377 519 1471 563 dmitos
1485 519 1705 558 Procuratores,
1721 522 1768 550 seu
1789 528 1891 549 eorum
1905 518 2044 556 aliquem,
2064 519 2119 557 sic,
2136 526 2166 549 ut
2181 508 2376 558 praemitutur'

1313 557 1450 602 contrahi·
1459 559 1540 588 conti
1560 559 1631 596 erit,
1648 556 1869 596 quomodolibet
1882 558 1985 597 poterit
1999 557 2146 597 impediri,
2365 546 2377 562 ²

1355 597 1401 627 Ac
1415 604 1499 627 etiarn
1512 607 1529 628 a
1562 596 1721 627 Petendum
1731 595 1936 634 Securitatem,
1953 596 2078 628 debitam
2093 598 2128 630 &
2139 595 2329 630 sufficientem
2361 601 2379 632 a

1316 634 1484 679 Parentibus
1497 636 1532 667 &
1548 635 1658 666 Amicis
1677 634 1764 665 ‹11stae
1781 634 1923 665 Dominae
1936 634 2072 675 isabenae,
2091 636 2172 677 quiid
2186 636 2242 677 ipsa
2260 647 2277 669 a
2294 622 2379 671 edn-

1319 674 1412 705 [πᾶα
1425 673 1589 713 hujusmodi
1599 674 1758 704 nullatenus
1771 673 1906 711 variabit,

1354 712 1523 756 Gaeteraque
1544 713 1641 743 omnia
1658 713 1691 744 &
1712 712 1815 750 fingula
1829 711 2020 750 Faciendum,
2039 713 2266 754 excercendum,
2280 715 2316 748 &
2332 725 2383 748 ex.

1317 751 1509 790 pediendum,
1526 761 1589 790 quae
1604 752 1633 781 in
1648 749 1801 781 Praemiffis
1812 752 1846 782 δε
1861 751 1935 781 circa
1952 760 1983 780 ea
1999 751 2151 783 necessaria
2168 753 2274 785 fuerint
2287 754 2333 786 vel
2346 766 2382 786 o-

1320 799 1460 829 portuna,
1480 790 1514 821 ὅτ
1535 800 1599 829 quae
1620 790 1734 828 qualitas
1748 789 1909 829 hujusmodi
1921 788 2043 827 Negotii
2056 791 2089 821 ὃς
2106 798 2202 823 natura
2213 795 2328 832 exigunt
2345 795 2381 826 &

1319 830 1479 874 requirunt,
1499 828 1533 859 &
1546 838 1611 868 quae
1627 828 1695 859 Nos
1710 828 1883 866 faceremus,
1898 828 1942 858 seu
1963 829 2055 859 facere
2071 829 2232 870 poffemus,
2248 833 2268 862 fi
2289 833 2384 873 perso-

1319 868 1417 899 naliter
1431 868 1477 936 ibis
1486 867 1631 936 porgentes
1646 867 1781 906 essemus,
1798 868 1882 898 etiam
1893 865 2094 899 siMandatum
2107 868 2218 908 exigant
2232 878 2386 909 quantum.

1322 916 1448 945 cumque
1491 916 1535 937 eci
1561 917 1577 937 e

1356 916 1530 983 Praedititpos,
1549 931 1729 982 Rc’ibertum‚
1742 943 1924 983 Johannem,
1942 943 2132 984 Edwardum,
2148 945 2383 989 ‘rhomam‚Jo-

1319 985 1463 1029 hannem,
1481 985 1514 1015 &
1529 983 1738 1021 NVissielmum,
1755 992 1789 1014 ac
1809 984 1965 1022 quemlibet
1980 984 2165 1023 eorumdem,
2184 995 2234 1022 per
2249 985 2276 1017 se
2298 987 2332 1018 &
2352 989 2384 1020 in

1320 1024 1460 1062 solidum,
1484 1022 1596 1053 nostros
1614 1031 1716 1060 veros,
1733 1022 1740 1051 l
1760 1023 1890 1060 ⁰itimos,
1914 1023 1947 1052 &
1968 1022 2139 1054 indubitatos
2161 1023 2365 1057 Procuratores

1322 1061 1524 1099 Negotiorum
1540 1060 1694 1099 Gestores,
1711 1060 1745 1091 &
1799 1062 1898 1091 unctos
1910 1059 2056 1099 speciales,
2075 1061 2284 1102 Organumque
2303 1049 2387 1096 voci}

1325 1100 1445 1139 nostrae,
1463 1102 1491 1130 in
1516 1099 1668 1131 Praemiffis
1686 1101 1720 1131 &
1742 1109 1844 1130 eorum
1865 1099 1904 1129 sin
1925 1100 1996 1139 ulis,
2021 1100 2168 1140 Facimus,
2195 1101 2371 1136 ordinamus

1324 1138 1482 1178 Creamus,
1500 1140 1533 1170 ὃς
1548 1137 1758 1169 Constituimus
1808 1148 1821 1168 r
1831 1137 1895 1169 Prae
1907 1147 1998 1169 entes·
2377 1126 2389 1143 ³

1360 1178 1580 1223 Promittentes,
1598 1178 1627 1207 in
1642 1176 1740 1222 Verbo
1794 1178 1875 1217 egio,
1893 1176 1962 1208 Nos
1979 1162 2088 1208 statum
2107 1177 2140 1209 ὃς
2163 1176 2304 1218 Gratum,
2375 1198 2386 1205 -

1324 1225 1413 1262 petuis
1431 1217 1635 1258 temporibus,⁴
1648 1216 1794 1246 habituros
1819 1215 1955 1254 quicquid
1979 1226 2028 1254 per
2053 1216 2253 1248 Procuratores
2274 1189 2388 1251 noffie

1326 1255 1495 1300 praedictos,
1522 1255 1567 1286 vel
1588 1256 1714 1292 iptorum
1736 1256 1875 1293 aliquem,
1893 1254 2019 1294 Adrum,
2037 1255 2169 1296 gestum,
2186 1257 2233 1287 seu
2254 1267 2389 1298 procura·

1326 1304 1388 1325 tum
1404 1294 1486 1336 fuerit
1502 1295 1529 1324 in
1542 1293 1708 1331 Praemissis,
1723 1294 1756 1324 ὃ(
1772 1295 1800 1324 in
1815 1293 1928 1330 singulis
1940 1293 2156 1325 Praemissorum
2168 1317 2178 1333 ,

1362 1333 1496 1373 Ipsoique
1510 1331 1712 1364 Procuratores
1723 1333 1757 1364 δε
1766 1331 1904 1362 Nuncios
1918 1333 2047 1370 nostros,
2064 1333 2209 1364 &eorum
2222 1334 2381 1373 quemlibet

1325 1373 1362 1403 ab
1377 1374 1459 1403 omni
1474 1381 1561 1403 onere
1575 1370 1749 1410 Satisdaridi,
1768 1371 1913 1409 expresse,
1931 1370 2051 1402 Tenore
2070 1371 2270 1413 Praestandum,
2288 1359 2394 1407 releva3

1324 1421 1395 1442 mus.

1365 1449 1399 1494 ln
1413 1459 1537 1490 quorum
1552 1449 1688 1493 omnium
1704 1449 1738 1480 δε
1760 1448 1934 1486 singulorum
1954 1448 2191 1489 Testimonium,
2207 1459 2235 1481 at
2255 1460 2290 1481 ue
2306 1450 2395 1483 fidem

1326 1488 1498 1527 pleniorem,
1515 1488 1563 1519 has
1577 1488 1684 1520 lateras
1699 1486 1806 1518 nostras
1822 1487 1953 1519 Parentes
1967 1487 2026 1519 fieri
2041 1489 2179 1527 fecimus,
2194 1459 2331 1530 &gigilli
2337 1500 2395 1522 no-

1328 1527 1375 1558 stri
1395 1527 1498 1565 Magni
1509 1526 1678 1565 appenlione
1693 1527 1806 1557 muniri.

1366 1565 1434 1597 Dat.
1452 1565 1524 1605 apud
1538 1563 1662 1607 Castrum
1678 1564 1795 1603 nostrum
1813 1564 1846 1594 de
1858 1565 1965 1602 Ledes,
1984 1563 2101 1595 Odtavo
2120 1563 2167 1595 die
2182 1564 2293 1597 Mensis
2306 1565 2394 1607 Julii,

1327 1605 1418 1635 Anno
1440 1604 1575 1646 Domini·
1588 1603 1763 1642 Millesimo,
1779 1603 2024 1642 TresceritesimO,
2040 1602 2242 1644 Nonagesimo
2265 1605 2380 1645 Qinto

1326 1645 1360 1675 &
1374 1643 1471 1685 Regni
1488 1641 1578 1673 nostri
1593 1641 1722 1674 Decimo
1733 1641 1839 1672 Nono.
2384 1627 2397 1646 ⁹

1961 1720 2015 1748 Per
2029 1717 2111 1757 ipfiem
2128 1721 2233 1758 Regem.

1361 1797 1475 1843 Eodem
1490 1795 1580 1828 modo
1595 1795 1764 1837 assignantur
1772 1795 1940 1836 praescripti,
1958 1795 2009 1826 sub
2018 1795 2094 1828 Data
2107 1795 2227 1835 Septimi
2233 1796 2395 1831 (1181Οᾶ0-

1325 1838 1382 1868 bris
1392 1861 1402 1876 ,
1422 1836 1497 1876 apud
1508 1836 1674 1878 Plsyndesore.

1361 1913 1480 1958 Eodem·
1488 1913 1578 1959 modo
1591 1912 1762 1952 affignantur
1771 1913 1899 1959 praedi&
1910 1915 2041 1958 cognsjter,
2058 1911 2092 1943 &
2108 1911 2270 1944 Wllielmur
2278 1912 2399 1955 IeStrop,

1325 1952 1482 1999 Camerarii
1493 1952 1582 1993 Regis
1618 1953 1666 1983 sub
1682 1952 1754 1983 Data
1765 1952 1917 1983 Tricefimi
1931 1951 1987 1982 diei
2000 1951 2191 1992 Decembris,
2207 1953 2284 1992 apud
2297 1955 2399 1984 Mane-

1324 2003 1396 2022 rium
1409 1992 1497 2032 Regis
1511 1992 1543 2022 de
1561 1976 1702 2022 chilterna
1718 1991 1855 2030 langele,
1874 1992 1989 2022 mutatis
2005 1989 2154 2021 mutandis.

1839 2071 1893 2099 Per
1906 2071 2000 2098 Breve
2014 2067 2046 2098 de
2061 2069 2183 2099 Privato
2196 2067 2298 2107 Sigillo.

1328 2194 1350 2216 *
1367 2190 1575 2237 Instrufflones
1597 2192 1717 2226 tradit-e
1748 2190 2015 2226 Ambaxatoribus
2039 2191 2131 2240 fhper
2155 2192 2294 2240 praetaflo
2318 2193 2400 2226 Ma-

1779 2251 1933 2275 trlmvmo.

1331 2326 1448 2359 C'ssr·
1473 2325 1823 2365 L'INSTRUCCION,
1849 2335 1900 2357 ετ
1919 2325 2105 2358 CHARGE
2124 2327 2234 2366 donez,
2258 2338 2291 2357 as
2308 2329 2399 2359 Reve-

1369 2373 1452 2396 rentz
1468 2368 1558 2396 Pieres
1576 2378 1609 2396 en
1632 2369 1718 2404 Dieu,
1742 2365 1780 2400 ῥ’
1803 2376 1849 2396 nos
1865 2364 1995 2405 tresc'hers
2013 2365 2051 2401 ὠ·
2084 2370 2186 2405 oiaux,
2203 2366 2400 2405 l'e'rcevesque

1367 2406 1404 2436 de
1425 2404 1570 2450 Dyvelin,
1591 2403 1629 2440 ό»
1651 2404 1796 2444 l'Evesque
1821 2404 1857 2434 dc
1881 2404 1958 2435 Saint
1978 2405 2054 2436 Davi
2081 2428 2090 2443 ,
2108 2403 2164 2444 ὠ,
2183 2416 2236 2435 noe
2259 2405 2400 2444 tresc'hiers

1369 2442 1407 2478 &
1419 2442 1517 2487 fomux
1532 2443 1656 2483 Coufins,
1676 2443 1701 2474 le
1718 2442 1827 2474 Comte
1840 2443 1876 2472 de
1891 2443 2050 2482 Ruteland,
2067 2443 2093 2473 le
2109 2442 2217 2474 Comte
2231 2443 2402 2483 Mareschal,

1369 2483 1394 2513 le
1408 2484 1468 2513 sire
1488 2482 1524 2513 de
1550 2482 1723 2520 Beaumont,
1740 2480 1778 2516 ὠ
1793 2493 1811 2510 a
1829 2481 1915 2520 nostre
1929 2481 2056 2522 treschere
2071 2480 2108 2517 ό·
2118 2481 2210 2522 foial,
2226 2481 2359 2514 William
2374 2482 2402 2514 le

1372 2522 1500 2559 Scrope,
1517 2520 1603 2561 nostre
1623 2520 1827 2559 chambellain,
1850 2520 1952 2550 alantz
1975 2533 2008 2550 en
2030 2524 2152 2559 France,
2185 2531 2219 2550 ur
2238 2520 2264 2551 Ie
2283 2525 2348 2550 Fait
2364 2521 2402 2550 du

2415 2193 2434 2214 ¹¹*
2454 2195 2524 2226 vu.

2415 2232 2481 2269 804.

1369 2564 1516 2598 Mariage,
1529 2568 1658 2598 parentre
1673 2559 1761 2591 Nous
1776 2559 1814 2596 ὠ
1826 2558 1958 2598 Isabelle,
1975 2561 2059 2598 Eisne
2074 2559 2143 2589 Ftlle
2175 2569 2191 2589 e
2205 2559 2302 2590 nostre
2315 2558 2400 2590 Cou-
2451 2563 2454 2567 '

1371 2599 1412 2630 sin
1426 2600 1462 2629 de
1477 2598 1593 2629 france.

1385 2676 1415 2707 R
1426 2685 1435 2706 ι
1445 2684 1499 2721 itte
1510 2684 1534 2706 R
1544 2684 1562 2707 ε
1572 2683 1598 2706 M
1609 2683 1628 2706 ε
1638 2682 1661 2706 N
1669 2683 1711 2714 T,
1729 2684 1785 2714 que
1799 2674 1850 2706 soit
1863 2675 1911 2706 fait
1926 2673 2123 2719 Protestacion
2131 2697 2141 2714 ,
2158 2684 2194 2706 en
2208 2673 2234 2706 la
2252 2674 2400 2707 meilloure

1374 2714 1861 2785 Ῑᾷῃέἳΐκᾌεεᾶἀιέηξέἓὸἀέοῐῧῗξῖ
1879 2718 2063 2783 Ὴῇὲἓῐτιξῗ
2097 2723 2339 2789 ι’ᾚέίῂίῖὲνοίῐ)
2362 2764 2400 2785 en

1337 2792 1458 2837 Franks,
1477 2776 1581 2823 esteant
1593 2792 1714 2822 chescun
1738 2791 1828 2836 Frank
1842 2791 1878 2822 de
1895 2792 1919 2823 la
1937 2791 2016 2836 value
2031 2791 2068 2822 de
2090 2791 2128 2821 xl.
2143 2790 2311 2832 Esterlings,
2328 2791 2364 2824 de
2376 2792 2400 2823 la

1337 2831 1464 2862 Mon01e
1479 2830 1687 2874 d'Engleterre,
1705 2841 1720 2860 3
1771 2840 1812 2860 ier
1823 2840 1860 2861 en
1875 2830 1900 2861 la
1920 2839 2042 2861 mamere
2055 2839 2141 2860 come
2161 2831 2230 2861 serra
2243 2830 2398 2871 accordee,

1336 2871 1370 2902 ὅ(
1384 2870 1567 2909 demoergent
1585 2870 1622 2900 les
1636 2870 1697 2900 ditz
1713 2869 1733 2899 l&
1751 2869 1854 2908 effages
1869 2870 1913 2900 sur
1927 2867 1985 2899 cest
2001 2868 2141 2900 demande
2156 2879 2195 2900 un
2207 2870 2278 2906 jour.

1359 2908 1448 2952 -ΙΤΕ
1460 2918 1505 2946 ixi,
1524 2919 1559 2939 en
1573 2918 1619 2938 cas
1636 2918 1691 2946 quc
1706 2908 1744 2938 les
1766 2908 1918 2938 Franceois
1931 2917 1968 2937 ne
1982 2908 2020 2938 soi
2044 2915 2169 2938 vozront
2189 2906 2344 2945 accorder,
2361 2907 2401 2938 les

1337 2946 1398 2977 ditz
1412 2947 1553 2986 Meffages
1567 2947 1775 2978 demanderons
1789 2956 1827 2977 un
1842 2945 1959 2976 Million
1975 2945 2008 2976 &
2023 2945 2121 2986 Demy
2156 2944 2257 2976 d’estre
2270 2946 2350 2984 paiee
2363 2956 2402 2976 en

1339 2985 1464 3024 Franks,
1481 2988 1514 3017 ὅς
1529 2986 1591 3016 tiele
1609 2987 1730 3016 maniere
1745 2994 1831 3016 come
1843 2984 1922 3015 desus
1936 2983 1977 3014 est
1993 2984 2053 3022 dit,
2069 2983 2103 3015 &
2129 2993 2162 3015 ur
2181 2983 2241 3015 cest
2261 2984 2403 3015 demande

1338 3024 1522 3064 demoergent
1536 3025 1574 3055 les
1588 3024 1649 3054 ditz
1665 3023 1806 3063 Messiages
1819 3023 1908 3054 Trois
1921 3024 2003 3061 jours.

1376 3061 1422 3093 Ιτ
1434 3073 1450 3093 ε
1460 3071 1506 3101 M,
1523 3063 1561 3094 les
1576 3063 1664 3093 Trois
1671 3063 1750 3102 jours
1764 3060 1872 3100 passez,
1887 3061 1926 3091 les
1941 3060 2001 3090 di’tz
2024 3057 2164 3099 Messages
2177 3059 2404 3101 demanderont,

1339 3111 1411 3139 pour
1425 3100 1504 3133 finale
1517 3101 1702 3139 conclusion,
1721 3110 1777 3131 une
1793 3098 1911 3128 Million
1925 3097 1961 3128 de
1977 3097 2100 3136 Franks,
2117 3107 2153 3128 en
2169 3099 2295 3130 maniere
2316 3109 2404 3131 come

1339 3140 1435 3179 desus,
1454 3151 1467 3169 a
1483 3140 1555 3170 estre
1570 3140 1665 3177 paiee,
1681 3147 1759 3168 entre
1774 3147 1791 3168 c
1831 3137 1865 3168 &
1887 3136 1970 3168 Noel
1992 3136 2131 3174 prochain
2154 3146 2274 3176 venant,
2293 3137 2404 3177 Quatre

1340 3177 1437 3220 Ceritz
1455 3178 1549 3208 Milies
1565 3178 1685 3215 Franz-5,
1702 3177 1737 3208 δε
1750 3176 1775 3220 le
1821 3184 1952 3206 emenant
1972 3185 2009 3206 en
2027 3175 2066 3206 les
2078 3175 2168 3207 Trois
2189 3175 2250 3208 Ans
2265 3176 2405 3215 prochain

1339 3214 1833 3299 cniuslgii'fsblitodieerlrizsinldgfinpzss
1852 3252 1890 3283 les
1908 3251 1951 3283 dit
1967 3250 2129 3292 Meffages,
2146 3261 2203 3291 que
2219 3251 2245 3283 la
2264 3251 2324 3284 dite
2343 3253 2406 3285 Da-

1341 3302 1389 3323 rne
1402 3293 1453 3323 sor:
1468 3293 1608 3334 Amesnee
1622 3303 1636 3323 a
1650 3292 1742 3336 Calais
1754 3313 1764 3331 ,
1777 3290 1903 3332 ovesque
1916 3290 2074 3323 covenable
2089 3291 2204 3330 Arraie,
2223 3292 2257 3323 &
2271 3301 2300 3323 as
2320 3291 2405 3323 Cou-

1341 3331 1379 3362 sta
1400 3342 1429 3362 es
1442 3331 1480 3362 du
1497 3331 1565 3371 Roy
1579 3332 1627 3362 {on
1643 3330 1732 3362 Piere.

1397 3378 1504 3414 Tetri,
1521 3370 1556 3400 de
1569 3370 1722 3401 demandet·
1738 3379 1812 3410 pour
1831 3368 1948 3400 Seurtee
1967 3367 2056 3398 Trois
2073 3366 2205 3398 Millions
2224 3367 2261 3398 de
2281 3368 2407 3409 Franks,

1340 3418 1391 3452 per
1406 3419 1527 3453 mamere
1543 3419 1628 3439 come
1640 3408 1734 3446 desus,
1752 3418 1789 3439 en
1800 3417 1846 3439 cas
1858 3417 1914 3446 que
1927 3407 1952 3437 la
1965 3407 2024 3437 dite
2036 3405 2150 3436 Isabelle
2164 3407 2190 3437 se
2202 3408 2276 3438 varie
2288 3407 2329 3439 du
2337 3408 2407 3439 Ma-

1341 3456 1490 3486 trimoine,
1508 3446 1663 3486 Epousale,
1681 3457 1720 3478 ou
1737 3446 1889 3478 Contra&

1380 3486 1449 3517 ΙΤΕ
1460 3495 1503 3524 M,
1521 3486 1656 3517 touchant
1670 3486 1694 3516 la
1710 3485 1843 3516 Seuretee
1856 3484 1893 3514 de
1907 3491 1980 3514 touz
1995 3483 2163 3514 Paiementz
2180 3483 2334 3523 desusditz,
2350 3484 2408 3516 d’a-

1342 3526 1406 3555 voir
1420 3525 1611 3565 Obligacion,
1628 3526 1662 3556 &
1677 3523 1868 3561 instrument,
1884 3523 1919 3554 ὃς
1931 3522 2079 3553 Serement
2093 3521 2130 3552 de
2151 3520 2248 3553 nostre
2267 3522 2308 3553 dit
2323 3522 2408 3554 Cou-

1345 3564 1385 3594 sin
1401 3563 1437 3594 de
1451 3563 1575 3602 France,
1594 3564 1628 3594 &
1644 3562 1681 3593 de
1697 3563 1746 3592 son
1763 3561 1863 3599 Frere,
1880 3560 1905 3591 le
1926 3563 1989 3591 Duc
2010 3558 2167 3599 d'orliens,
2185 3561 2219 3591 &
2232 3560 2281 3591 des
2295 3560 2408 3592 Uncles

1348 3602 1385 3632 de
1400 3601 1497 3633 nostre
1510 3600 1618 3632 Cousin
1633 3600 1722 3632 studit.

1381 3640 1509 3678 ITEM,
1526 3651 1563 3671 en
1577 3650 1625 3671 cas
1644 3649 1699 3679 que
1718 3639 1770 3670 soit
1789 3637 1965 3676 demandez,
1982 3637 2018 3668 de
2040 3637 2065 3668 la
2087 3637 2177 3676 partie
2197 3635 2233 3667 de
2255 3637 2351 3667 nostre
2365 3637 2410 3669 dit

1349 3678 1459 3710 Cousin
1471 3702 1480 3718 ,
1497 3689 1589 3710 aucun
1609 3677 1803 3708 Enfeffement
1825 3677 1861 3707 de
1878 3677 1971 3707 Terre
2019 3685 2093 3713 pour
2113 3675 2259 3706 l'avandite
2279 3674 2409 3713 Isabelle,

1349 3718 1438 3748 Nous
1450 3719 1552 3748 volons
1567 3727 1622 3756 que
1634 3726 1705 3747 vous
1719 3715 1841 3747 acordez
1853 3725 1926 3753 pour
1933 3699 2107 3745 elessnfeffer
2113 3723 2149 3744 en
2164 3722 2190 3743 x.
2204 3711 2300 3743 Milies
2308 3712 2409 3745 Mares

1348 3756 1489 3787 d’Annuel
1503 3755 1617 3794 Rente,
1632 3766 1671 3786 ou
1684 3754 1847 3785 d'accorder
1859 3754 1896 3784 de
1910 3763 1955 3784 tan
1969 3762 2057 3783 come
2067 3753 2144 3782 avoir
2160 3750 2254 3781 nostre
2270 3751 2409 3784 treschere

1353 3794 1535 3835 Compaigne
1547 3795 1574 3825 la
1587 3794 1716 3834 Reigne,
1731 3803 1787 3832 que
1802 3791 1899 3823 Dieux
1910 3791 2023 3823 affoille.

1385 3832 1428 3864 IT
1438 3842 1511 3870 εΜ,
1529 3842 1566 3863 en
1577 3842 1640 3871 cas,
1655 3842 1711 3870 que
1723 3833 1774 3862 soit
1784 3831 1942 3868 demande‚
1958 3829 1996 3860 de
2008 3829 2032 3859 la
2046 3836 2107 3866 part
2117 3827 2154 3858 de
2167 3825 2262 3857 nostre
2273 3826 2314 3859 dit
2329 3828 2412 3861 Cou-

1351 3872 1410 3911 sin,
1429 3882 1486 3912 que
1505 3872 1546 3903 s’il
1563 3872 1682 3910 aviegne
1701 3870 1771 3909 q'ele
1785 3869 1881 3900 Devie
1894 3869 1980 3899 deinz
1997 3867 2043 3898 1Ἀ
2062 3877 2080 3896 e
2096 3866 2132 3909 de
2150 3865 2257 3896 Tresze
2280 3867 2358 3907 Ans,
2376 3870 2410 3901 &

1376 3921 1410 3941 ue
1421 3919 1492 3941 touz
1505 3910 1544 3941 les
1558 3909 1730 3940 Covenantz
1742 3908 1872 3939 desusdits
1883 3908 1972 3938 soient
1984 3916 2018 3946 pa
2066 3911 2163 3941 umiZ,
2182 3913 2256 3941 pour
2275 3905 2300 3935 la
2319 3908 2409 3944 partie

1374 3960 1391 3980 e
1402 3949 1497 3981 nostre
1511 3948 1552 3979 dit
1565 3947 1690 3986 Cousin,
1706 3946 1795 3978 Nous
1810 3947 1910 3978 volons
1927 3953 1983 3984 que
1999 3951 2069 3973 vous
2082 3942 2236 3980 accordez,
2255 3953 2291 3973 en
2311 3945 2408 3977 nostre

295 3997 333 4030 Et
345 4007 393 4037 ea,
413 4007 476 4038 quae
488 3999 526 4028 fic
539 3998 691 4034 Tra&ata‚
708 4004 868 4034 conventa,
885 3996 919 4026 &
933 3993 1106 4028 concordata
1113 3992 1234 4030 fuerint,
1246 4000 1316 4031 qua-
1354 3987 1465 4027 Noun,
1481 3997 1536 4027 que
1549 3986 1638 4019 Nous
1650 3985 1807 4025 prendi-ons
1825 3993 1900 4026 pour
1910 3983 2047 4020 Femme,
2061 3987 2112 4020 par
2129 3981 2196 4012 voie
2209 3981 2247 4013 de
2267 3981 2411 4024 Mariage‚

2386 4021 2412 4053 12

2416 2679 2492 2712 Ann.
2506 2679 2549 2712 D.

2416 2726 2532 2787 A23915fi'.

2415 2802 2444 2825 R.
2465 2807 2491 2824 2.

2416 2840 2456 2864 Ex
2471 2838 2531 2863 Au-

2414 2881 2482 2912 togr.
