<?xml version="1.0" encoding="UTF-8"?>
<!DOCTYPE html PUBLIC "-//W3C//DTD XHTML 1.0 Transitional//EN"
    "http://www.w3.org/TR/xhtml1/DTD/xhtml1-transitional.dtd">
<html xmlns="http://www.w3.org/1999/xhtml" xml:lang="en" lang="en">
 <head>
  <title>
</title>
<meta http-equiv="Content-Type" content="text/html;charset=utf-8" />
  <meta name='ocr-system' content='tesseract 3.04.00' />
  <meta name='ocr-capabilities' content='ocr_page ocr_carea ocr_par ocr_line ocrx_word'/>
</head>
<body>
  <div class='ocr_page' id='page_1' title='image "./fderaconventione03ryme_0607.png"; bbox 0 0 2561 4251; ppageno 0'>
   <div class='ocr_carea' id='block_1_1' title="bbox 728 90 1716 153">
    <p class='ocr_par' dir='ltr' id='par_1_1' title="bbox 728 90 1716 153">
     <span class='ocr_line' id='line_1_1' title="bbox 728 90 1716 153; baseline 0.004 -19"><span class='ocrx_word' id='word_1_1' title='bbox 728 91 829 134; x_wconf 83' lang='lat' dir='ltr'>ET</span> <span class='ocrx_word' id='word_1_2' title='bbox 895 90 1164 134; x_wconf 84' lang='lat' dir='ltr'>ACTA</span> <span class='ocrx_word' id='word_1_3' title='bbox 1230 93 1716 153; x_wconf 21' lang='lat' dir='ltr'>P-UssLiCA.</span> 
     </span>
    </p>
   </div>
   <div class='ocr_carea' id='block_1_2' title="bbox 2266 110 2345 150">
    <p class='ocr_par' dir='ltr' id='par_1_2' title="bbox 2266 110 2345 150">
     <span class='ocr_line' id='line_1_2' title="bbox 2266 110 2345 150; baseline 0.013 -12"><span class='ocrx_word' id='word_1_4' title='bbox 2266 110 2345 150; x_wconf 76' lang='lat'>125</span> 
     </span>
    </p>
   </div>
   <div class='ocr_carea' id='block_1_3' title="bbox 20 176 2486 267">
    <p class='ocr_par' dir='ltr' id='par_1_3' title="bbox 20 176 2486 267">
     <span class='ocr_line' id='line_1_3' title="bbox 20 176 2486 223; baseline -0.001 -7"><span class='ocrx_word' id='word_1_5' title='bbox 20 183 147 222; x_wconf 59' lang='grc' dir='ltr'>ΛΜΗ).</span> <span class='ocrx_word' id='word_1_6' title='bbox 159 182 259 214; x_wconf 79' lang='lat' dir='ltr'>nostro</span> <span class='ocrx_word' id='word_1_7' title='bbox 271 204 280 220; x_wconf 84' lang='lat'>,</span> <span class='ocrx_word' id='word_1_8' title='bbox 307 182 335 212; x_wconf 88' lang='lat' dir='ltr'>in</span> <span class='ocrx_word' id='word_1_9' title='bbox 353 179 485 212; x_wconf 66' lang='lat' dir='ltr'>omnibus</span> <span class='ocrx_word' id='word_1_10' title='bbox 504 178 537 209; x_wconf 88' lang='lat'>&amp;</span> <span class='ocrx_word' id='word_1_11' title='bbox 560 176 673 222; x_wconf 65' lang='lat' dir='ltr'>singulis</span> <span class='ocrx_word' id='word_1_12' title='bbox 689 201 698 214; x_wconf 90' lang='lat'>,</span> <span class='ocrx_word' id='word_1_13' title='bbox 720 189 784 216; x_wconf 73' lang='lat' dir='ltr'>qute</span> <span class='ocrx_word' id='word_1_14' title='bbox 799 179 958 223; x_wconf 82' lang='lat' dir='ltr'>Statum&amp;</span> <span class='ocrx_word' id='word_1_15' title='bbox 973 179 1129 223; x_wconf 78' lang='lat' dir='ltr'>Honorem</span> <span class='ocrx_word' id='word_1_16' title='bbox 1143 178 1264 218; x_wconf 57' lang='lat' dir='ltr'>suumg</span> <span class='ocrx_word' id='word_1_17' title='bbox 1305 179 1442 211; x_wconf 75' lang='lat' dir='ltr'>Volentes</span> <span class='ocrx_word' id='word_1_18' title='bbox 1457 181 1616 219; x_wconf 84' lang='lat' dir='ltr'>hujusmodi</span> <span class='ocrx_word' id='word_1_19' title='bbox 1632 183 1713 212; x_wconf 75' lang='lat' dir='ltr'>nobis</span> <span class='ocrx_word' id='word_1_20' title='bbox 1730 181 1986 220; x_wconf 68' lang='lat' dir='ltr'>Praejudiciaiibus,</span> <span class='ocrx_word' id='word_1_21' title='bbox 2004 190 2088 220; x_wconf 87' lang='lat' dir='ltr'>prout</span> <span class='ocrx_word' id='word_1_22' title='bbox 2102 183 2256 219; x_wconf 72' lang='lat' dir='ltr'>convenit,</span> <span class='ocrx_word' id='word_1_23' title='bbox 2276 182 2338 213; x_wconf 81' lang='lat' dir='ltr'>Re-</span> <span class='ocrx_word' id='word_1_24' title='bbox 2359 178 2486 214; x_wconf 63' lang='lat' dir='ltr'>Annffli</span> 
     </span>
     <span class='ocr_line' id='line_1_4' title="bbox 40 217 1225 267; baseline -0.006 -14"><span class='ocrx_word' id='word_1_25' title='bbox 40 227 123 267; x_wconf 81' lang='lat'><em>1381.</em></span> <span class='ocrx_word' id='word_1_26' title='bbox 160 230 356 257; x_wconf 78' lang='lat' dir='ltr'><strong>concernunt,</strong></span> <span class='ocrx_word' id='word_1_27' title='bbox 376 227 444 249; x_wconf 92' lang='lat' dir='ltr'>cum</span> <span class='ocrx_word' id='word_1_28' title='bbox 460 217 631 247; x_wconf 80' lang='lat' dir='ltr'>Reverentia</span> <span class='ocrx_word' id='word_1_29' title='bbox 644 218 676 248; x_wconf 62' lang='grc' dir='ltr'>ὃς</span> <span class='ocrx_word' id='word_1_30' title='bbox 694 217 818 248; x_wconf 86' lang='lat' dir='ltr'>Honore</span> <span class='ocrx_word' id='word_1_31' title='bbox 831 219 949 257; x_wconf 85' lang='lat' dir='ltr'>debitis,</span> <span class='ocrx_word' id='word_1_32' title='bbox 969 218 1021 248; x_wconf 81' lang='lat' dir='ltr'>sitis</span> <span class='ocrx_word' id='word_1_33' title='bbox 1036 218 1225 256; x_wconf 68' lang='lat' dir='ltr'>Auxiliantes,</span> 
     </span>
    </p>
   </div>
   <div class='ocr_carea' id='block_1_4' title="bbox 19 268 118 296">
    <p class='ocr_par' dir='ltr' id='par_1_4' title="bbox 19 268 118 296">
     <span class='ocr_line' id='line_1_5' title="bbox 19 268 118 296; baseline -0.03 0"><span class='ocrx_word' id='word_1_34' title='bbox 19 268 70 296; x_wconf 68' lang='lat' dir='ltr'>xie.</span> <span class='ocrx_word' id='word_1_35' title='bbox 91 274 118 293; x_wconf 83' lang='lat'>2.</span> 
     </span>
    </p>
   </div>
   <div class='ocr_carea' id='block_1_5' title="bbox 0 621 158 963">
    <p class='ocr_par' dir='ltr' id='par_1_5' title="bbox 0 621 158 963">
     <span class='ocr_line' id='line_1_6' title="bbox 2 621 131 648; baseline 0 0"><span class='ocrx_word' id='word_1_36' title='bbox 2 629 3 636; x_wconf 65' lang='lat'>¹</span> <span class='ocrx_word' id='word_1_37' title='bbox 22 622 42 642; x_wconf 61' lang='grc' dir='ltr'><em>Β</em></span> <span class='ocrx_word' id='word_1_38' title='bbox 64 621 131 648; x_wconf 71' lang='grc' dir='ltr'>ἯΙ.</span> 
     </span>
     <span class='ocr_line' id='line_1_7' title="bbox 22 670 146 729; baseline -0.024 0"><span class='ocrx_word' id='word_1_39' title='bbox 22 670 88 729; x_wconf 55' lang='lat' dir='ltr'>iim&#39;</span> <span class='ocrx_word' id='word_1_40' title='bbox 114 694 146 726; x_wconf 87' lang='lat' dir='ltr'>D</span> 
     </span>
     <span class='ocr_line' id='line_1_8' title="bbox 44 707 158 775; baseline 0 -11"><span class='ocrx_word' id='word_1_41' title='bbox 44 707 127 775; x_wconf 60' lang='grc' dir='ltr'><em>ἱξέει.</em></span> <span class='ocrx_word' id='word_1_42' title='bbox 150 717 158 725; x_wconf 92' lang='grc'><em>·</em></span> 
     </span>
     <span class='ocr_line' id='line_1_9' title="bbox 22 779 118 808; baseline 0.01 -8"><span class='ocrx_word' id='word_1_43' title='bbox 22 779 74 803; x_wconf 78' lang='lat' dir='ltr'>An.</span> <span class='ocrx_word' id='word_1_44' title='bbox 91 783 118 808; x_wconf 67' lang='grc' dir='ltr'>ἲ.</span> 
     </span>
     <span class='ocr_line' id='line_1_10' title="bbox 23 819 97 842; baseline 0 -3"><span class='ocrx_word' id='word_1_45' title='bbox 23 819 53 842; x_wconf 84' lang='lat' dir='ltr'>R.</span> <span class='ocrx_word' id='word_1_46' title='bbox 74 822 97 840; x_wconf 82' lang='lat'>2.</span> 
     </span>
     <span class='ocr_line' id='line_1_11' title="bbox 23 856 130 885; baseline -0.009 -7"><span class='ocrx_word' id='word_1_47' title='bbox 23 856 82 880; x_wconf 73' lang='lat' dir='ltr'>Par.</span> <span class='ocrx_word' id='word_1_48' title='bbox 100 860 130 885; x_wconf 91' lang='lat'>5.</span> 
     </span>
     <span class='ocr_line' id='line_1_12' title="bbox 23 894 157 925; baseline -0.015 -9"><span class='ocrx_word' id='word_1_49' title='bbox 23 894 157 925; x_wconf 79' lang='lat' dir='ltr'>R.2.p.1.</span> 
     </span>
     <span class='ocr_line' id='line_1_13' title="bbox 0 936 126 963; baseline -0.008 -7"><span class='ocrx_word' id='word_1_50' title='bbox 0 941 2 956; x_wconf 84' lang='lat'>1</span> <span class='ocrx_word' id='word_1_51' title='bbox 25 937 61 957; x_wconf 84' lang='lat' dir='ltr'>m.</span> <span class='ocrx_word' id='word_1_52' title='bbox 81 936 126 963; x_wconf 84' lang='lat'>34.</span> 
     </span>
    </p>
   </div>
   <div class='ocr_carea' id='block_1_6' title="bbox 163 255 1228 449">
    <p class='ocr_par' dir='ltr' id='par_1_6' title="bbox 163 255 1228 449">
     <span class='ocr_line' id='line_1_14' title="bbox 163 255 617 295; baseline -0.018 -4"><span class='ocrx_word' id='word_1_53' title='bbox 163 260 337 291; x_wconf 87' lang='lat' dir='ltr'>Obedientes</span> <span class='ocrx_word' id='word_1_54' title='bbox 346 280 355 295; x_wconf 86' lang='lat'>‚</span> <span class='ocrx_word' id='word_1_55' title='bbox 373 258 406 288; x_wconf 90' lang='lat'>&amp;</span> <span class='ocrx_word' id='word_1_56' title='bbox 420 255 617 291; x_wconf 69' lang='lat' dir='ltr'>Incendente53</span> 
     </span>
     <span class='ocr_line' id='line_1_15' title="bbox 203 293 1228 334; baseline -0.005 -6"><span class='ocrx_word' id='word_1_57' title='bbox 203 298 239 329; x_wconf 84' lang='lat' dir='ltr'>Et</span> <span class='ocrx_word' id='word_1_58' title='bbox 253 299 328 334; x_wconf 87' lang='lat' dir='ltr'>hoc,</span> <span class='ocrx_word' id='word_1_59' title='bbox 346 296 415 325; x_wconf 83' lang='lat' dir='ltr'>ficut</span> <span class='ocrx_word' id='word_1_60' title='bbox 428 293 514 330; x_wconf 87' lang='lat' dir='ltr'>Nos,</span> <span class='ocrx_word' id='word_1_61' title='bbox 530 295 563 325; x_wconf 72' lang='grc' dir='ltr'>δε</span> <span class='ocrx_word' id='word_1_62' title='bbox 576 293 733 324; x_wconf 80' lang='lat' dir='ltr'>Honorem</span> <span class='ocrx_word' id='word_1_63' title='bbox 749 295 782 326; x_wconf 86' lang='lat'>&amp;</span> <span class='ocrx_word' id='word_1_64' title='bbox 796 294 908 326; x_wconf 85' lang='lat' dir='ltr'>Statum</span> <span class='ocrx_word' id='word_1_65' title='bbox 924 294 1054 326; x_wconf 88' lang='lat' dir='ltr'>nostrum</span> <span class='ocrx_word' id='word_1_66' title='bbox 1069 294 1102 324; x_wconf 90' lang='lat'>&amp;</span> <span class='ocrx_word' id='word_1_67' title='bbox 1120 294 1228 333; x_wconf 77' lang='lat' dir='ltr'>Regni,</span> 
     </span>
     <span class='ocr_line' id='line_1_16' title="bbox 163 333 621 371; baseline -0.015 -3"><span class='ocrx_word' id='word_1_68' title='bbox 163 336 210 368; x_wconf 86' lang='lat' dir='ltr'>dili</span> <span class='ocrx_word' id='word_1_69' title='bbox 232 337 288 371; x_wconf 89' lang='lat' dir='ltr'>itis,</span> <span class='ocrx_word' id='word_1_70' title='bbox 307 333 462 363; x_wconf 85' lang='lat' dir='ltr'>nullatenus</span> <span class='ocrx_word' id='word_1_71' title='bbox 476 333 621 362; x_wconf 82' lang='lat' dir='ltr'>omittatis.</span> 
     </span>
     <span class='ocr_line' id='line_1_17' title="bbox 217 372 912 409; baseline -0.016 -4"><span class='ocrx_word' id='word_1_72' title='bbox 217 385 234 405; x_wconf 91' lang='lat' dir='ltr'>n</span> <span class='ocrx_word' id='word_1_73' title='bbox 247 374 340 409; x_wconf 80' lang='lat' dir='ltr'>cujus,</span> <span class='ocrx_word' id='word_1_74' title='bbox 359 372 420 401; x_wconf 89' lang='lat' dir='ltr'>&amp;c.</span> <span class='ocrx_word' id='word_1_75' title='bbox 910 404 912 406; x_wconf 26' lang='grc' dir='ltr'>Ι</span> 
     </span>
     <span class='ocr_line' id='line_1_18' title="bbox 239 407 1030 449; baseline -0.003 -7"><span class='ocrx_word' id='word_1_76' title='bbox 239 409 327 443; x_wconf 89' lang='lat' dir='ltr'>Teste</span> <span class='ocrx_word' id='word_1_77' title='bbox 342 409 425 449; x_wconf 85' lang='lat' dir='ltr'><strong>Rege</strong></span> <span class='ocrx_word' id='word_1_78' title='bbox 438 408 512 446; x_wconf 88' lang='lat' dir='ltr'>apud</span> <span class='ocrx_word' id='word_1_79' title='bbox 527 407 742 440; x_wconf 76' lang='lat' dir='ltr'>Chelmersford</span> <span class='ocrx_word' id='word_1_80' title='bbox 751 430 761 448; x_wconf 86' lang='lat'>‚</span> <span class='ocrx_word' id='word_1_81' title='bbox 779 410 883 441; x_wconf 89' lang='lat' dir='ltr'>Tertio</span> <span class='ocrx_word' id='word_1_82' title='bbox 897 410 943 441; x_wconf 90' lang='lat' dir='ltr'>die</span> <span class='ocrx_word' id='word_1_83' title='bbox 952 409 1030 449; x_wconf 87' lang='lat' dir='ltr'>Julii.</span> 
     </span>
    </p>
   </div>
   <div class='ocr_carea' id='block_1_7' title="bbox 856 484 1123 524">
    <p class='ocr_par' dir='ltr' id='par_1_7' title="bbox 856 484 1123 524">
     <span class='ocr_line' id='line_1_19' title="bbox 856 484 1123 524; baseline 0 -10"><span class='ocrx_word' id='word_1_84' title='bbox 856 487 911 514; x_wconf 82' lang='lat' dir='ltr'>Per</span> <span class='ocrx_word' id='word_1_85' title='bbox 923 484 1006 524; x_wconf 74' lang='lat' dir='ltr'>ipficm</span> <span class='ocrx_word' id='word_1_86' title='bbox 1020 488 1123 523; x_wconf 77' lang='lat' dir='ltr'>Regem.</span> 
     </span>
    </p>
   </div>
   <div class='ocr_carea' id='block_1_8' title="bbox 216 603 1172 655">
    <p class='ocr_par' dir='ltr' id='par_1_8' title="bbox 216 603 1172 655">
     <span class='ocr_line' id='line_1_20' title="bbox 216 603 1172 655; baseline -0.003 -13"><span class='ocrx_word' id='word_1_87' title='bbox 216 608 244 634; x_wconf 57' lang='lat' dir='ltr'>&#39;k</span> <span class='ocrx_word' id='word_1_88' title='bbox 270 612 329 642; x_wconf 74' lang='lat' dir='ltr'>Pro</span> <span class='ocrx_word' id='word_1_89' title='bbox 351 612 427 655; x_wconf 83' lang='lat' dir='ltr'><em>Rege</em></span> <span class='ocrx_word' id='word_1_90' title='bbox 445 604 588 649; x_wconf 83' lang='lat' dir='ltr'>Castellae,</span> <span class='ocrx_word' id='word_1_91' title='bbox 614 603 651 638; x_wconf 85' lang='lat' dir='ltr'>de</span> <span class='ocrx_word' id='word_1_92' title='bbox 672 608 838 638; x_wconf 75' lang='lat' dir='ltr'>securitate</span> <span class='ocrx_word' id='word_1_93' title='bbox 855 616 956 639; x_wconf 83' lang='lat' dir='ltr'>contra</span> <span class='ocrx_word' id='word_1_94' title='bbox 974 609 1172 654; x_wconf 70' lang='lat' dir='ltr'>Inshrgentes.</span> 
     </span>
    </p>
   </div>
   <div class='ocr_carea' id='block_1_9' title="bbox 168 689 1236 1190">
    <p class='ocr_par' dir='ltr' id='par_1_9' title="bbox 235 689 1234 769">
     <span class='ocr_line' id='line_1_21' title="bbox 241 689 1234 731; baseline -0.003 -7"><span class='ocrx_word' id='word_1_95' title='bbox 241 692 307 725; x_wconf 84' lang='lat' dir='ltr'>EX</span> <span class='ocrx_word' id='word_1_96' title='bbox 317 716 326 730; x_wconf 86' lang='lat'>,</span> <span class='ocrx_word' id='word_1_97' title='bbox 344 689 484 723; x_wconf 86' lang='lat' dir='ltr'>cariffimo</span> <span class='ocrx_word' id='word_1_98' title='bbox 502 690 656 722; x_wconf 83' lang='lat' dir='ltr'>Avunculo</span> <span class='ocrx_word' id='word_1_99' title='bbox 671 690 737 729; x_wconf 90' lang='lat' dir='ltr'>suo,</span> <span class='ocrx_word' id='word_1_100' title='bbox 755 690 885 730; x_wconf 78' lang='lat' dir='ltr'>Johanm&#39;</span> <span class='ocrx_word' id='word_1_101' title='bbox 898 694 963 729; x_wconf 81' lang='lat' dir='ltr'>Regi</span> <span class='ocrx_word' id='word_1_102' title='bbox 978 689 1100 731; x_wconf 77' lang='lat' dir='ltr'>Castellae</span> <span class='ocrx_word' id='word_1_103' title='bbox 1121 689 1160 727; x_wconf 53' lang='grc' dir='ltr'>ῤ’</span> <span class='ocrx_word' id='word_1_104' title='bbox 1176 694 1234 723; x_wconf 81' lang='lat' dir='ltr'>Le-</span> 
     </span>
     <span class='ocr_line' id='line_1_22' title="bbox 235 728 808 769; baseline -0.005 -7"><span class='ocrx_word' id='word_1_105' title='bbox 235 764 237 766; x_wconf 64' lang='lat'>,</span> <span class='ocrx_word' id='word_1_106' title='bbox 248 736 334 769; x_wconf 80' lang='lat' dir='ltr'>giom&#39;s</span> <span class='ocrx_word' id='word_1_107' title='bbox 347 752 356 763; x_wconf 82' lang='grc'>,</span> <span class='ocrx_word' id='word_1_108' title='bbox 374 729 453 760; x_wconf 89' lang='lat' dir='ltr'>Duci</span> <span class='ocrx_word' id='word_1_109' title='bbox 471 728 657 767; x_wconf 79' lang='lat' dir='ltr'>Lancastriae,</span> <span class='ocrx_word' id='word_1_110' title='bbox 675 728 808 760; x_wconf 84' lang='lat' dir='ltr'><strong>Salutem.</strong></span> 
     </span>
    </p>

    <p class='ocr_par' dir='ltr' id='par_1_10' title="bbox 168 767 1233 882">
     <span class='ocr_line' id='line_1_23' title="bbox 212 767 1232 806; baseline -0.003 -6"><span class='ocrx_word' id='word_1_111' title='bbox 212 769 426 800; x_wconf 75' lang='lat' dir='ltr'>Considerantes</span> <span class='ocrx_word' id='word_1_112' title='bbox 454 767 663 798; x_wconf 90' lang='lat' dir='ltr'>Turbationem</span> <span class='ocrx_word' id='word_1_113' title='bbox 691 767 884 799; x_wconf 83' lang='lat' dir='ltr'>detestabilem</span> <span class='ocrx_word' id='word_1_114' title='bbox 897 790 907 806; x_wconf 94' lang='lat'>,</span> <span class='ocrx_word' id='word_1_115' title='bbox 932 777 981 806; x_wconf 88' lang='lat' dir='ltr'>per</span> <span class='ocrx_word' id='word_1_116' title='bbox 1006 774 1099 797; x_wconf 83' lang='lat' dir='ltr'>certos</span> <span class='ocrx_word' id='word_1_117' title='bbox 1124 767 1232 805; x_wconf 87' lang='lat' dir='ltr'>Ligeos</span> 
     </span>
     <span class='ocr_line' id='line_1_24' title="bbox 168 804 1231 845; baseline -0.003 -7"><span class='ocrx_word' id='word_1_118' title='bbox 168 808 297 844; x_wconf 84' lang='lat' dir='ltr'>nostros,</span> <span class='ocrx_word' id='word_1_119' title='bbox 310 815 455 837; x_wconf 85' lang='lat' dir='ltr'>certorum</span> <span class='ocrx_word' id='word_1_120' title='bbox 471 804 671 837; x_wconf 88' lang='lat' dir='ltr'>Comitatuum</span> <span class='ocrx_word' id='word_1_121' title='bbox 686 806 782 845; x_wconf 85' lang='lat' dir='ltr'>Regni</span> <span class='ocrx_word' id='word_1_122' title='bbox 803 806 891 836; x_wconf 84' lang='lat' dir='ltr'>nostri</span> <span class='ocrx_word' id='word_1_123' title='bbox 904 829 914 844; x_wconf 84' lang='lat'>‚</span> <span class='ocrx_word' id='word_1_124' title='bbox 939 810 1039 836; x_wconf 76' lang='lat' dir='ltr'>contra</span> <span class='ocrx_word' id='word_1_125' title='bbox 1054 805 1231 845; x_wconf 85' lang='lat' dir='ltr'>Ligeantiam</span> 
     </span>
     <span class='ocr_line' id='line_1_25' title="bbox 169 843 1233 882; baseline -0.004 -5"><span class='ocrx_word' id='word_1_126' title='bbox 169 846 245 882; x_wconf 83' lang='lat' dir='ltr'>suam</span> <span class='ocrx_word' id='word_1_127' title='bbox 267 847 300 877; x_wconf 90' lang='lat'>&amp;</span> <span class='ocrx_word' id='word_1_128' title='bbox 322 845 425 876; x_wconf 76' lang='lat' dir='ltr'>Pac&#39;em</span> <span class='ocrx_word' id='word_1_129' title='bbox 439 843 583 882; x_wconf 89' lang='lat' dir='ltr'>nostram,</span> <span class='ocrx_word' id='word_1_130' title='bbox 601 845 708 874; x_wconf 80' lang='lat' dir='ltr'>furiose</span> <span class='ocrx_word' id='word_1_131' title='bbox 723 843 908 882; x_wconf 77' lang='lat' dir='ltr'>insurgentes,</span> <span class='ocrx_word' id='word_1_132' title='bbox 923 843 1093 874; x_wconf 80' lang='lat' dir='ltr'>horribiliter</span> <span class='ocrx_word' id='word_1_133' title='bbox 1109 845 1212 874; x_wconf 63' lang='lat' dir='ltr'>factam</span> <span class='ocrx_word' id='word_1_134' title='bbox 1223 867 1233 882; x_wconf 86' lang='lat'>‚</span> 
     </span>
    </p>

    <p class='ocr_par' dir='ltr' id='par_1_11' title="bbox 168 879 1235 1074">
     <span class='ocr_line' id='line_1_26' title="bbox 208 879 1233 922; baseline -0.002 -8"><span class='ocrx_word' id='word_1_135' title='bbox 208 884 271 922; x_wconf 83' lang='lat' dir='ltr'>Qi</span> <span class='ocrx_word' id='word_1_136' title='bbox 289 893 391 914; x_wconf 86' lang='lat' dir='ltr'>eorum</span> <span class='ocrx_word' id='word_1_137' title='bbox 414 882 524 913; x_wconf 68' lang='lat' dir='ltr'>Malitia</span> <span class='ocrx_word' id='word_1_138' title='bbox 543 884 577 914; x_wconf 88' lang='lat'>&amp;</span> <span class='ocrx_word' id='word_1_139' title='bbox 599 882 748 920; x_wconf 86' lang='lat' dir='ltr'>Iniquitate</span> <span class='ocrx_word' id='word_1_140' title='bbox 764 881 879 919; x_wconf 77' lang='lat' dir='ltr'>propria</span> <span class='ocrx_word' id='word_1_141' title='bbox 894 886 987 912; x_wconf 81' lang='lat' dir='ltr'>certos</span> <span class='ocrx_word' id='word_1_142' title='bbox 1000 879 1148 921; x_wconf 83' lang='lat' dir='ltr'>Magnates</span> <span class='ocrx_word' id='word_1_143' title='bbox 1162 882 1233 912; x_wconf 67' lang='lat' dir='ltr'>dieti</span> 
     </span>
     <span class='ocr_line' id='line_1_27' title="bbox 169 919 1233 962; baseline -0.003 -9"><span class='ocrx_word' id='word_1_144' title='bbox 169 922 267 962; x_wconf 85' lang='lat' dir='ltr'>Regni</span> <span class='ocrx_word' id='word_1_145' title='bbox 280 921 386 959; x_wconf 90' lang='lat' dir='ltr'>nostri,</span> <span class='ocrx_word' id='word_1_146' title='bbox 404 922 454 959; x_wconf 67' lang='grc' dir='ltr'>ὃς,</span> <span class='ocrx_word' id='word_1_147' title='bbox 471 922 544 951; x_wconf 89' lang='lat' dir='ltr'>inter</span> <span class='ocrx_word' id='word_1_148' title='bbox 557 921 643 957; x_wconf 86' lang='lat' dir='ltr'>alios,</span> <span class='ocrx_word' id='word_1_149' title='bbox 662 919 815 950; x_wconf 86' lang='lat' dir='ltr'>Personam</span> <span class='ocrx_word' id='word_1_150' title='bbox 831 919 953 951; x_wconf 88' lang='lat' dir='ltr'>vestram</span> <span class='ocrx_word' id='word_1_151' title='bbox 969 919 1005 950; x_wconf 91' lang='lat' dir='ltr'>de</span> <span class='ocrx_word' id='word_1_152' title='bbox 1022 919 1114 957; x_wconf 90' lang='lat' dir='ltr'>Culpa</span> <span class='ocrx_word' id='word_1_153' title='bbox 1128 920 1233 950; x_wconf 85' lang='lat' dir='ltr'>Infide-</span> 
     </span>
     <span class='ocr_line' id='line_1_28' title="bbox 168 957 1235 1000; baseline -0.003 -9"><span class='ocrx_word' id='word_1_154' title='bbox 168 961 253 992; x_wconf 89' lang='lat' dir='ltr'>litatis</span> <span class='ocrx_word' id='word_1_155' title='bbox 266 969 330 1000; x_wconf 87' lang='lat' dir='ltr'>erga</span> <span class='ocrx_word' id='word_1_156' title='bbox 339 960 406 990; x_wconf 88' lang='lat' dir='ltr'>Nos</span> <span class='ocrx_word' id='word_1_157' title='bbox 418 960 452 990; x_wconf 86' lang='lat'>&amp;</span> <span class='ocrx_word' id='word_1_158' title='bbox 466 958 602 997; x_wconf 88' lang='lat' dir='ltr'>Regnum</span> <span class='ocrx_word' id='word_1_159' title='bbox 618 957 748 989; x_wconf 87' lang='lat' dir='ltr'>nostrum</span> <span class='ocrx_word' id='word_1_160' title='bbox 761 960 891 997; x_wconf 83' lang='lat' dir='ltr'>nequiter</span> <span class='ocrx_word' id='word_1_161' title='bbox 904 959 938 989; x_wconf 70' lang='grc' dir='ltr'>δί</span> <span class='ocrx_word' id='word_1_162' title='bbox 952 958 1022 989; x_wconf 81' lang='lat' dir='ltr'>falso</span> <span class='ocrx_word' id='word_1_163' title='bbox 1028 958 1235 997; x_wconf 73' lang='lat' dir='ltr'>Diffamarunt,</span> 
     </span>
     <span class='ocr_line' id='line_1_29' title="bbox 169 994 1233 1038; baseline -0.001 -9"><span class='ocrx_word' id='word_1_164' title='bbox 169 998 306 1038; x_wconf 89' lang='lat' dir='ltr'>quosdam</span> <span class='ocrx_word' id='word_1_165' title='bbox 325 998 448 1035; x_wconf 90' lang='lat' dir='ltr'>ipsorum</span> <span class='ocrx_word' id='word_1_166' title='bbox 470 994 641 1036; x_wconf 88' lang='lat' dir='ltr'>Magnatum</span> <span class='ocrx_word' id='word_1_167' title='bbox 661 996 810 1027; x_wconf 90' lang='lat' dir='ltr'>crudeliter</span> <span class='ocrx_word' id='word_1_168' title='bbox 830 996 1012 1035; x_wconf 88' lang='lat' dir='ltr'>occidendo,</span> <span class='ocrx_word' id='word_1_169' title='bbox 1031 998 1138 1036; x_wconf 88' lang='lat' dir='ltr'>aliaque</span> <span class='ocrx_word' id='word_1_170' title='bbox 1154 996 1233 1028; x_wconf 85' lang='lat' dir='ltr'>Mala</span> 
     </span>
     <span class='ocr_line' id='line_1_30' title="bbox 169 1033 1068 1074; baseline -0.002 -6"><span class='ocrx_word' id='word_1_171' title='bbox 169 1037 372 1068; x_wconf 81' lang='lat' dir='ltr'>inaestimabilia</span> <span class='ocrx_word' id='word_1_172' title='bbox 385 1035 588 1073; x_wconf 87' lang='lat' dir='ltr'>perpetrando,</span> <span class='ocrx_word' id='word_1_173' title='bbox 606 1033 682 1065; x_wconf 81' lang='lat' dir='ltr'>unde</span> <span class='ocrx_word' id='word_1_174' title='bbox 699 1036 823 1066; x_wconf 81' lang='lat' dir='ltr'>maxime</span> <span class='ocrx_word' id='word_1_175' title='bbox 838 1035 879 1065; x_wconf 90' lang='lat' dir='ltr'>est</span> <span class='ocrx_word' id='word_1_176' title='bbox 894 1035 1068 1074; x_wconf 87' lang='lat' dir='ltr'>dolendum,</span> 
     </span>
    </p>

    <p class='ocr_par' dir='ltr' id='par_1_12' title="bbox 172 1072 1236 1190">
     <span class='ocr_line' id='line_1_31' title="bbox 209 1072 1234 1112; baseline -0.001 -6"><span class='ocrx_word' id='word_1_177' title='bbox 209 1075 256 1107; x_wconf 89' lang='lat' dir='ltr'>Ac</span> <span class='ocrx_word' id='word_1_178' title='bbox 278 1075 405 1106; x_wconf 87' lang='lat' dir='ltr'>volentes</span> <span class='ocrx_word' id='word_1_179' title='bbox 421 1073 540 1111; x_wconf 87' lang='lat' dir='ltr'>proinde</span> <span class='ocrx_word' id='word_1_180' title='bbox 554 1098 563 1111; x_wconf 91' lang='lat'>,</span> <span class='ocrx_word' id='word_1_181' title='bbox 582 1084 634 1112; x_wconf 89' lang='lat' dir='ltr'>pro</span> <span class='ocrx_word' id='word_1_182' title='bbox 647 1073 799 1104; x_wconf 87' lang='lat' dir='ltr'>Securitate</span> <span class='ocrx_word' id='word_1_183' title='bbox 814 1073 846 1104; x_wconf 63' lang='grc' dir='ltr'>ὃς</span> <span class='ocrx_word' id='word_1_184' title='bbox 861 1074 1020 1105; x_wconf 85' lang='lat' dir='ltr'>Salvatione</span> <span class='ocrx_word' id='word_1_185' title='bbox 1036 1072 1169 1105; x_wconf 80' lang='lat' dir='ltr'>Perfonae</span> <span class='ocrx_word' id='word_1_186' title='bbox 1183 1083 1234 1105; x_wconf 86' lang='lat' dir='ltr'>ve-</span> 
     </span>
     <span class='ocr_line' id='line_1_32' title="bbox 173 1112 1235 1152; baseline -0.001 -7"><span class='ocrx_word' id='word_1_187' title='bbox 173 1115 239 1145; x_wconf 82' lang='lat' dir='ltr'>strae</span> <span class='ocrx_word' id='word_1_188' title='bbox 251 1136 261 1152; x_wconf 91' lang='lat'>,</span> <span class='ocrx_word' id='word_1_189' title='bbox 286 1122 371 1152; x_wconf 87' lang='lat' dir='ltr'>penes</span> <span class='ocrx_word' id='word_1_190' title='bbox 391 1112 462 1143; x_wconf 85' lang='lat' dir='ltr'>Nos</span> <span class='ocrx_word' id='word_1_191' title='bbox 483 1113 517 1143; x_wconf 92' lang='lat'>&amp;</span> <span class='ocrx_word' id='word_1_192' title='bbox 537 1113 588 1144; x_wconf 89' lang='lat' dir='ltr'>alia</span> <span class='ocrx_word' id='word_1_193' title='bbox 609 1113 691 1143; x_wconf 91' lang='lat' dir='ltr'>Loca</span> <span class='ocrx_word' id='word_1_194' title='bbox 715 1113 809 1151; x_wconf 83' lang='lat' dir='ltr'>Regni</span> <span class='ocrx_word' id='word_1_195' title='bbox 825 1112 928 1151; x_wconf 76' lang='lat' dir='ltr'>nostri,</span> <span class='ocrx_word' id='word_1_196' title='bbox 947 1113 981 1143; x_wconf 92' lang='lat' dir='ltr'>ad</span> <span class='ocrx_word' id='word_1_197' title='bbox 992 1113 1165 1144; x_wconf 89' lang='lat' dir='ltr'>Mandatum</span> <span class='ocrx_word' id='word_1_198' title='bbox 1180 1119 1235 1144; x_wconf 81' lang='lat' dir='ltr'>no-</span> 
     </span>
     <span class='ocr_line' id='line_1_33' title="bbox 172 1147 1236 1190; baseline -0.001 -7"><span class='ocrx_word' id='word_1_199' title='bbox 172 1154 278 1189; x_wconf 76' lang='lat' dir='ltr'>strum,</span> <span class='ocrx_word' id='word_1_200' title='bbox 296 1147 438 1182; x_wconf 85' lang='lat' dir='ltr'>veniendo</span> <span class='ocrx_word' id='word_1_201' title='bbox 452 1173 462 1188; x_wconf 96' lang='lat'>,</span> <span class='ocrx_word' id='word_1_202' title='bbox 487 1151 538 1180; x_wconf 88' lang='lat' dir='ltr'>viis</span> <span class='ocrx_word' id='word_1_203' title='bbox 558 1151 693 1181; x_wconf 85' lang='lat' dir='ltr'>omnibus</span> <span class='ocrx_word' id='word_1_204' title='bbox 707 1150 872 1189; x_wconf 87' lang='lat' dir='ltr'>providere,</span> <span class='ocrx_word' id='word_1_205' title='bbox 891 1152 928 1181; x_wconf 79' lang='lat' dir='ltr'>ne</span> <span class='ocrx_word' id='word_1_206' title='bbox 943 1153 1090 1190; x_wconf 86' lang='lat' dir='ltr'>contingat</span> <span class='ocrx_word' id='word_1_207' title='bbox 1103 1151 1236 1182; x_wconf 63' lang='lat' dir='ltr'>Personae</span> 
     </span>
    </p>
   </div>
   <div class='ocr_carea' id='block_1_10' title="bbox 171 1189 1236 1229">
    <p class='ocr_par' dir='ltr' id='par_1_13' title="bbox 171 1189 1236 1229">
     <span class='ocr_line' id='line_1_34' title="bbox 171 1189 1236 1229; baseline -0.002 -7"><span class='ocrx_word' id='word_1_208' title='bbox 171 1190 274 1223; x_wconf 71' lang='lat' dir='ltr'>vestrae</span> <span class='ocrx_word' id='word_1_209' title='bbox 288 1200 337 1228; x_wconf 89' lang='lat' dir='ltr'>per</span> <span class='ocrx_word' id='word_1_210' title='bbox 351 1190 423 1228; x_wconf 90' lang='lat' dir='ltr'>ipsos</span> <span class='ocrx_word' id='word_1_211' title='bbox 437 1189 569 1220; x_wconf 88' lang='lat' dir='ltr'>Rebelles</span> <span class='ocrx_word' id='word_1_212' title='bbox 585 1189 748 1220; x_wconf 81' lang='lat' dir='ltr'>Periculum</span> <span class='ocrx_word' id='word_1_213' title='bbox 761 1189 890 1228; x_wconf 85' lang='lat' dir='ltr'>aliquod,</span> <span class='ocrx_word' id='word_1_214' title='bbox 910 1190 986 1227; x_wconf 90' lang='lat' dir='ltr'>quod</span> <span class='ocrx_word' id='word_1_215' title='bbox 1001 1191 1085 1227; x_wconf 83' lang='lat' dir='ltr'>abiit,</span> <span class='ocrx_word' id='word_1_216' title='bbox 1104 1192 1236 1229; x_wconf 82' lang='lat' dir='ltr'>evenire,</span> 
     </span>
    </p>
   </div>
   <div class='ocr_carea' id='block_1_11' title="bbox 29 1867 163 2052">
    <p class='ocr_par' dir='ltr' id='par_1_14' title="bbox 29 1867 163 2052">
     <span class='ocr_line' id='line_1_35' title="bbox 33 1867 163 1901; baseline -0.015 -2"><span class='ocrx_word' id='word_1_217' title='bbox 33 1869 101 1901; x_wconf 77' lang='lat' dir='ltr'>Ann</span> <span class='ocrx_word' id='word_1_218' title='bbox 121 1867 163 1898; x_wconf 83' lang='lat' dir='ltr'>D.</span> 
     </span>
     <span class='ocr_line' id='line_1_36' title="bbox 55 1907 140 1947; baseline 0 -11"><span class='ocrx_word' id='word_1_219' title='bbox 55 1907 140 1947; x_wconf 84' lang='lat'><em>1381.</em></span> 
     </span>
     <span class='ocr_line' id='line_1_37' title="bbox 30 1950 129 1981; baseline 0.01 -7"><span class='ocrx_word' id='word_1_220' title='bbox 30 1950 84 1974; x_wconf 80' lang='lat' dir='ltr'>An.</span> <span class='ocrx_word' id='word_1_221' title='bbox 101 1955 129 1981; x_wconf 86' lang='lat'>5.</span> 
     </span>
     <span class='ocr_line' id='line_1_38' title="bbox 33 1989 111 2012; baseline 0 -1"><span class='ocrx_word' id='word_1_222' title='bbox 33 1989 62 2012; x_wconf 84' lang='lat' dir='ltr'>R.</span> <span class='ocrx_word' id='word_1_223' title='bbox 85 1995 111 2012; x_wconf 88' lang='lat'>2.</span> 
     </span>
     <span class='ocr_line' id='line_1_39' title="bbox 29 2022 135 2052; baseline 0 0"><span class='ocrx_word' id='word_1_224' title='bbox 29 2022 135 2052; x_wconf 79' lang='lat' dir='ltr'>Ibidem.</span> 
     </span>
    </p>
   </div>
   <div class='ocr_carea' id='block_1_12' title="bbox 45 3059 140 3135">
    <p class='ocr_par' dir='ltr' id='par_1_15' title="bbox 45 3059 140 3135">
     <span class='ocr_line' id='line_1_40' title="bbox 45 3059 140 3087; baseline 0 0"><span class='ocrx_word' id='word_1_225' title='bbox 45 3059 140 3087; x_wconf 62' lang='lat' dir='ltr'>*Vin</span> 
     </span>
     <span class='ocr_line' id='line_1_41' title="bbox 46 3106 110 3135; baseline 0.016 -11"><span class='ocrx_word' id='word_1_226' title='bbox 46 3106 110 3135; x_wconf 85' lang='lat'><strong>3²0·</strong></span> 
     </span>
    </p>
   </div>
   <div class='ocr_carea' id='block_1_13' title="bbox 41 3182 176 3451">
    <p class='ocr_par' dir='ltr' id='par_1_16' title="bbox 41 3182 176 3451">
     <span class='ocr_line' id='line_1_42' title="bbox 42 3182 176 3214; baseline -0.007 0"><span class='ocrx_word' id='word_1_227' title='bbox 42 3183 120 3214; x_wconf 83' lang='lat' dir='ltr'>Ann.</span> <span class='ocrx_word' id='word_1_228' title='bbox 135 3182 176 3213; x_wconf 89' lang='lat' dir='ltr'>D.</span> 
     </span>
     <span class='ocr_line' id='line_1_43' title="bbox 65 3219 151 3261; baseline -0.023 -9"><span class='ocrx_word' id='word_1_229' title='bbox 65 3219 151 3261; x_wconf 84' lang='lat'>1381.</span> 
     </span>
     <span class='ocr_line' id='line_1_44' title="bbox 41 3265 139 3296; baseline -0.01 -6"><span class='ocrx_word' id='word_1_230' title='bbox 41 3265 97 3290; x_wconf 80' lang='lat' dir='ltr'>An.</span> <span class='ocrx_word' id='word_1_231' title='bbox 111 3269 139 3296; x_wconf 87' lang='lat'>5.</span> 
     </span>
     <span class='ocr_line' id='line_1_45' title="bbox 42 3303 120 3327; baseline 0 -1"><span class='ocrx_word' id='word_1_232' title='bbox 42 3303 72 3327; x_wconf 81' lang='lat' dir='ltr'>R.</span> <span class='ocrx_word' id='word_1_233' title='bbox 93 3308 120 3327; x_wconf 89' lang='lat'>2.</span> 
     </span>
     <span class='ocr_line' id='line_1_46' title="bbox 41 3339 140 3372; baseline 0.01 -7"><span class='ocrx_word' id='word_1_234' title='bbox 41 3339 102 3366; x_wconf 66' lang='lat' dir='ltr'>rat.</span> <span class='ocrx_word' id='word_1_235' title='bbox 112 3345 140 3372; x_wconf 87' lang='lat'>5.</span> 
     </span>
     <span class='ocr_line' id='line_1_47' title="bbox 43 3379 176 3413; baseline -0.023 -9"><span class='ocrx_word' id='word_1_236' title='bbox 43 3379 71 3404; x_wconf 82' lang='lat' dir='ltr'>R.</span> <span class='ocrx_word' id='word_1_237' title='bbox 81 3381 140 3413; x_wconf 81' lang='lat' dir='ltr'>2.p.</span> <span class='ocrx_word' id='word_1_238' title='bbox 152 3384 176 3401; x_wconf 83' lang='grc'>1.</span> 
     </span>
     <span class='ocr_line' id='line_1_48' title="bbox 44 3413 173 3451; baseline -0.016 -9"><span class='ocrx_word' id='word_1_239' title='bbox 44 3423 82 3442; x_wconf 82' lang='lat' dir='ltr'>m.</span> <span class='ocrx_word' id='word_1_240' title='bbox 96 3413 173 3451; x_wconf 83' lang='lat' dir='ltr'>32.d.</span> 
     </span>
    </p>
   </div>
   <div class='ocr_carea' id='block_1_14' title="bbox 173 1228 1241 1692">
    <p class='ocr_par' dir='ltr' id='par_1_17' title="bbox 173 1228 1238 1491">
     <span class='ocr_line' id='line_1_49' title="bbox 214 1228 1236 1266; baseline -0.001 -7"><span class='ocrx_word' id='word_1_241' title='bbox 214 1228 357 1259; x_wconf 89' lang='lat' dir='ltr'>Volumus</span> <span class='ocrx_word' id='word_1_242' title='bbox 378 1228 411 1259; x_wconf 63' lang='grc' dir='ltr'>ὃς</span> <span class='ocrx_word' id='word_1_243' title='bbox 429 1228 512 1258; x_wconf 84' lang='lat' dir='ltr'>vobis</span> <span class='ocrx_word' id='word_1_244' title='bbox 534 1228 698 1258; x_wconf 85' lang='lat' dir='ltr'>mandamus</span> <span class='ocrx_word' id='word_1_245' title='bbox 721 1229 800 1265; x_wconf 81' lang='lat' dir='ltr'>quod</span> <span class='ocrx_word' id='word_1_246' title='bbox 815 1251 823 1265; x_wconf 90' lang='lat'>,</span> <span class='ocrx_word' id='word_1_247' title='bbox 849 1230 919 1258; x_wconf 79' lang='lat' dir='ltr'>cum</span> <span class='ocrx_word' id='word_1_248' title='bbox 941 1238 1024 1266; x_wconf 87' lang='lat' dir='ltr'>penes</span> <span class='ocrx_word' id='word_1_249' title='bbox 1043 1229 1111 1259; x_wconf 83' lang='lat' dir='ltr'>Nos</span> <span class='ocrx_word' id='word_1_250' title='bbox 1128 1231 1162 1260; x_wconf 88' lang='lat'>&amp;</span> <span class='ocrx_word' id='word_1_251' title='bbox 1185 1229 1236 1259; x_wconf 92' lang='lat' dir='ltr'>alia</span> 
     </span>
     <span class='ocr_line' id='line_1_50' title="bbox 175 1261 1236 1305; baseline -0.002 -7"><span class='ocrx_word' id='word_1_252' title='bbox 175 1267 260 1298; x_wconf 87' lang='lat' dir='ltr'>Loca</span> <span class='ocrx_word' id='word_1_253' title='bbox 277 1276 329 1297; x_wconf 90' lang='lat' dir='ltr'>vos</span> <span class='ocrx_word' id='word_1_254' title='bbox 349 1266 484 1298; x_wconf 87' lang='lat' dir='ltr'>accedere</span> <span class='ocrx_word' id='word_1_255' title='bbox 504 1266 668 1305; x_wconf 72' lang='lat' dir='ltr'>contingat,</span> <span class='ocrx_word' id='word_1_256' title='bbox 688 1268 746 1296; x_wconf 82' lang='lat' dir='ltr'>tam</span> <span class='ocrx_word' id='word_1_257' title='bbox 760 1265 871 1297; x_wconf 86' lang='lat' dir='ltr'>fortiter</span> <span class='ocrx_word' id='word_1_258' title='bbox 882 1261 914 1297; x_wconf 67' lang='grc' dir='ltr'>ὃ(</span> <span class='ocrx_word' id='word_1_259' title='bbox 928 1274 1072 1305; x_wconf 86' lang='lat' dir='ltr'>potenter,</span> <span class='ocrx_word' id='word_1_260' title='bbox 1088 1274 1155 1296; x_wconf 89' lang='lat' dir='ltr'>curn</span> <span class='ocrx_word' id='word_1_261' title='bbox 1169 1267 1236 1297; x_wconf 89' lang='lat' dir='ltr'>Ho-</span> 
     </span>
     <span class='ocr_line' id='line_1_51' title="bbox 176 1303 1236 1343; baseline -0.001 -7"><span class='ocrx_word' id='word_1_262' title='bbox 176 1307 301 1336; x_wconf 86' lang='lat' dir='ltr'>minibus</span> <span class='ocrx_word' id='word_1_263' title='bbox 315 1306 452 1341; x_wconf 81' lang='lat' dir='ltr'>Armatis,</span> <span class='ocrx_word' id='word_1_264' title='bbox 471 1305 503 1335; x_wconf 71' lang='grc' dir='ltr'>ὃς</span> <span class='ocrx_word' id='word_1_265' title='bbox 517 1305 686 1342; x_wconf 88' lang='lat' dir='ltr'>Sagittariis,</span> <span class='ocrx_word' id='word_1_266' title='bbox 703 1306 736 1335; x_wconf 89' lang='lat'>&amp;</span> <span class='ocrx_word' id='word_1_267' title='bbox 751 1303 809 1334; x_wconf 91' lang='lat' dir='ltr'>aliis</span> <span class='ocrx_word' id='word_1_268' title='bbox 824 1304 1001 1336; x_wconf 84' lang='lat' dir='ltr'>Hominibus</span> <span class='ocrx_word' id='word_1_269' title='bbox 1013 1304 1236 1343; x_wconf 84' lang='lat' dir='ltr'>defensabilibus,</span> 
     </span>
     <span class='ocr_line' id='line_1_52' title="bbox 176 1342 1235 1382; baseline -0.002 -7"><span class='ocrx_word' id='word_1_270' title='bbox 176 1346 207 1375; x_wconf 89' lang='lat' dir='ltr'>in</span> <span class='ocrx_word' id='word_1_271' title='bbox 229 1343 377 1375; x_wconf 90' lang='lat' dir='ltr'>Comitiva</span> <span class='ocrx_word' id='word_1_272' title='bbox 395 1343 484 1374; x_wconf 77' lang='lat' dir='ltr'>vestra</span> <span class='ocrx_word' id='word_1_273' title='bbox 499 1367 508 1380; x_wconf 86' lang='lat'>,</span> <span class='ocrx_word' id='word_1_274' title='bbox 525 1353 573 1381; x_wconf 85' lang='lat' dir='ltr'>per</span> <span class='ocrx_word' id='word_1_275' title='bbox 588 1342 716 1373; x_wconf 89' lang='lat' dir='ltr'>medium</span> <span class='ocrx_word' id='word_1_276' title='bbox 731 1342 827 1382; x_wconf 83' lang='lat' dir='ltr'>Regni</span> <span class='ocrx_word' id='word_1_277' title='bbox 842 1343 946 1380; x_wconf 84' lang='lat' dir='ltr'>nostri,</span> <span class='ocrx_word' id='word_1_278' title='bbox 964 1345 997 1375; x_wconf 68' lang='grc' dir='ltr'>ὅ(</span> <span class='ocrx_word' id='word_1_279' title='bbox 1010 1344 1075 1374; x_wconf 87' lang='lat' dir='ltr'>alibi</span> <span class='ocrx_word' id='word_1_280' title='bbox 1089 1344 1137 1374; x_wconf 88' lang='lat' dir='ltr'>ubi</span> <span class='ocrx_word' id='word_1_281' title='bbox 1152 1344 1235 1374; x_wconf 82' lang='lat' dir='ltr'>vobis</span> 
     </span>
     <span class='ocr_line' id='line_1_53' title="bbox 173 1380 1238 1421; baseline -0.002 -8"><span class='ocrx_word' id='word_1_282' title='bbox 173 1383 326 1421; x_wconf 84' lang='lat' dir='ltr'>placuerit,</span> <span class='ocrx_word' id='word_1_283' title='bbox 342 1383 477 1419; x_wconf 80' lang='lat' dir='ltr'>veniatis,</span> <span class='ocrx_word' id='word_1_284' title='bbox 494 1382 564 1412; x_wconf 82' lang='lat' dir='ltr'>sicut</span> <span class='ocrx_word' id='word_1_285' title='bbox 579 1381 661 1412; x_wconf 89' lang='lat' dir='ltr'>vobis</span> <span class='ocrx_word' id='word_1_286' title='bbox 674 1380 815 1412; x_wconf 88' lang='lat' dir='ltr'>videbitur</span> <span class='ocrx_word' id='word_1_287' title='bbox 831 1392 884 1419; x_wconf 91' lang='lat' dir='ltr'>pro</span> <span class='ocrx_word' id='word_1_288' title='bbox 899 1381 1057 1413; x_wconf 86' lang='lat' dir='ltr'>Salvatione</span> <span class='ocrx_word' id='word_1_289' title='bbox 1077 1383 1111 1413; x_wconf 68' lang='grc' dir='ltr'>ὃς</span> <span class='ocrx_word' id='word_1_290' title='bbox 1125 1381 1238 1412; x_wconf 89' lang='lat' dir='ltr'>Securi-</span> 
     </span>
     <span class='ocr_line' id='line_1_54' title="bbox 177 1418 1237 1490; baseline -0.002 -38"><span class='ocrx_word' id='word_1_291' title='bbox 177 1421 340 1490; x_wconf 58' lang='lat' dir='ltr'>tat1esvestra</span> <span class='ocrx_word' id='word_1_292' title='bbox 355 1429 455 1453; x_wconf 84' lang='lat' dir='ltr'>eontra</span> <span class='ocrx_word' id='word_1_293' title='bbox 469 1420 609 1451; x_wconf 89' lang='lat' dir='ltr'>Malitiam</span> <span class='ocrx_word' id='word_1_294' title='bbox 622 1421 655 1452; x_wconf 86' lang='lat'>&amp;</span> <span class='ocrx_word' id='word_1_295' title='bbox 669 1418 874 1451; x_wconf 85' lang='lat' dir='ltr'>Crudelitatem</span> <span class='ocrx_word' id='word_1_296' title='bbox 888 1420 951 1451; x_wconf 89' lang='lat' dir='ltr'>fore</span> <span class='ocrx_word' id='word_1_297' title='bbox 970 1421 1117 1459; x_wconf 85' lang='lat' dir='ltr'>expediens</span> <span class='ocrx_word' id='word_1_298' title='bbox 1138 1420 1171 1451; x_wconf 86' lang='lat'>&amp;</span> <span class='ocrx_word' id='word_1_299' title='bbox 1186 1426 1237 1450; x_wconf 88' lang='lat' dir='ltr'>ne-</span> 
     </span>
     <span class='ocr_line' id='line_1_55' title="bbox 178 1470 254 1491; baseline 0 0"><span class='ocrx_word' id='word_1_300' title='bbox 178 1470 214 1491; x_wconf 88' lang='lat' dir='ltr'>ce</span> <span class='ocrx_word' id='word_1_301' title='bbox 238 1471 254 1491; x_wconf 91' lang='lat' dir='ltr'>e</span> 
     </span>
    </p>

    <p class='ocr_par' dir='ltr' id='par_1_18' title="bbox 177 1485 1241 1644">
     <span class='ocr_line' id='line_1_56' title="bbox 217 1485 1241 1536; baseline -0.003 -7"><span class='ocrx_word' id='word_1_302' title='bbox 217 1485 362 1530; x_wconf 70' lang='lat' dir='ltr'>Et’taliter</span> <span class='ocrx_word' id='word_1_303' title='bbox 380 1498 514 1529; x_wconf 88' lang='lat' dir='ltr'>ordinetis</span> <span class='ocrx_word' id='word_1_304' title='bbox 535 1496 614 1536; x_wconf 80' lang='lat' dir='ltr'>quod</span> <span class='ocrx_word' id='word_1_305' title='bbox 628 1521 638 1535; x_wconf 89' lang='lat'>,</span> <span class='ocrx_word' id='word_1_306' title='bbox 666 1501 716 1536; x_wconf 85' lang='lat' dir='ltr'>per</span> <span class='ocrx_word' id='word_1_307' title='bbox 736 1495 881 1527; x_wconf 82' lang='lat' dir='ltr'>Homines</span> <span class='ocrx_word' id='word_1_308' title='bbox 896 1519 906 1535; x_wconf 92' lang='lat'>,</span> <span class='ocrx_word' id='word_1_309' title='bbox 924 1498 953 1526; x_wconf 89' lang='lat' dir='ltr'>in</span> <span class='ocrx_word' id='word_1_310' title='bbox 969 1496 1117 1528; x_wconf 87' lang='lat' dir='ltr'>Comitiva</span> <span class='ocrx_word' id='word_1_311' title='bbox 1132 1496 1241 1533; x_wconf 84' lang='lat' dir='ltr'>vestra,</span> 
     </span>
     <span class='ocr_line' id='line_1_57' title="bbox 177 1535 1241 1575; baseline -0.001 -8"><span class='ocrx_word' id='word_1_312' title='bbox 177 1547 213 1567; x_wconf 86' lang='lat' dir='ltr'>ex</span> <span class='ocrx_word' id='word_1_313' title='bbox 237 1536 326 1567; x_wconf 89' lang='lat' dir='ltr'>Causa</span> <span class='ocrx_word' id='word_1_314' title='bbox 348 1536 482 1575; x_wconf 70' lang='lat' dir='ltr'>praedirsta</span> <span class='ocrx_word' id='word_1_315' title='bbox 503 1537 666 1572; x_wconf 80' lang='lat' dir='ltr'>venientes,</span> <span class='ocrx_word' id='word_1_316' title='bbox 683 1535 852 1565; x_wconf 66' lang='lat' dir='ltr'>Destrudiio</span> <span class='ocrx_word' id='word_1_317' title='bbox 866 1535 912 1565; x_wconf 92' lang='lat' dir='ltr'>vel</span> <span class='ocrx_word' id='word_1_318' title='bbox 928 1535 1118 1574; x_wconf 82' lang='lat' dir='ltr'>Dampnum,</span> <span class='ocrx_word' id='word_1_319' title='bbox 1135 1537 1165 1565; x_wconf 84' lang='lat' dir='ltr'>in</span> <span class='ocrx_word' id='word_1_320' title='bbox 1179 1535 1241 1566; x_wconf 90' lang='lat' dir='ltr'>Ad-</span> 
     </span>
     <span class='ocr_line' id='line_1_58' title="bbox 178 1573 1054 1644; baseline -0.002 -39"><span class='ocrx_word' id='word_1_321' title='bbox 178 1584 265 1644; x_wconf 59' lang='lat' dir='ltr'>veiitu</span> <span class='ocrx_word' id='word_1_322' title='bbox 281 1575 392 1612; x_wconf 91' lang='lat' dir='ltr'>vestro,</span> <span class='ocrx_word' id='word_1_323' title='bbox 411 1585 470 1605; x_wconf 90' lang='lat' dir='ltr'>non</span> <span class='ocrx_word' id='word_1_324' title='bbox 486 1573 532 1604; x_wconf 84' lang='lat' dir='ltr'>fiat</span> <span class='ocrx_word' id='word_1_325' title='bbox 545 1574 619 1604; x_wconf 86' lang='lat' dir='ltr'>fideli</span> <span class='ocrx_word' id='word_1_326' title='bbox 635 1573 749 1612; x_wconf 87' lang='lat' dir='ltr'>Populo</span> <span class='ocrx_word' id='word_1_327' title='bbox 764 1573 865 1604; x_wconf 85' lang='lat' dir='ltr'>nostro</span> <span class='ocrx_word' id='word_1_328' title='bbox 879 1573 938 1604; x_wconf 93' lang='lat' dir='ltr'>ullo</span> <span class='ocrx_word' id='word_1_329' title='bbox 953 1575 1054 1604; x_wconf 89' lang='lat' dir='ltr'>modo.</span> 
     </span>
    </p>

    <p class='ocr_par' dir='ltr' id='par_1_19' title="bbox 231 1614 1062 1692">
     <span class='ocr_line' id='line_1_59' title="bbox 231 1614 434 1644; baseline 0 -1"><span class='ocrx_word' id='word_1_330' title='bbox 231 1623 249 1643; x_wconf 92' lang='lat' dir='ltr'>n</span> <span class='ocrx_word' id='word_1_331' title='bbox 264 1614 341 1644; x_wconf 82' lang='lat' dir='ltr'>cu&#39;us</span> <span class='ocrx_word' id='word_1_332' title='bbox 373 1615 434 1644; x_wconf 89' lang='lat' dir='ltr'>&amp;c.</span> 
     </span>
     <span class='ocr_line' id='line_1_60' title="bbox 253 1623 1062 1692; baseline -0.002 -10"><span class='ocrx_word' id='word_1_333' title='bbox 253 1623 442 1692; x_wconf 64' lang='lat' dir='ltr'>TeJste’Rege</span> <span class='ocrx_word' id='word_1_334' title='bbox 457 1649 530 1689; x_wconf 85' lang='lat' dir='ltr'>apud</span> <span class='ocrx_word' id='word_1_335' title='bbox 545 1649 779 1688; x_wconf 86' lang='lat' dir='ltr'>Chelmersford,</span> <span class='ocrx_word' id='word_1_336' title='bbox 799 1650 914 1689; x_wconf 85' lang='lat' dir='ltr'>Qinto</span> <span class='ocrx_word' id='word_1_337' title='bbox 927 1650 973 1682; x_wconf 83' lang='lat' dir='ltr'>die</span> <span class='ocrx_word' id='word_1_338' title='bbox 984 1650 1062 1690; x_wconf 56' lang='lat' dir='ltr'>Juliii</span> 
     </span>
    </p>
   </div>
   <div class='ocr_carea' id='block_1_15' title="bbox 373 1776 1047 1825">
    <p class='ocr_par' dir='ltr' id='par_1_20' title="bbox 373 1776 1047 1825">
     <span class='ocr_line' id='line_1_61' title="bbox 373 1776 1047 1825; baseline 0.001 -13"><span class='ocrx_word' id='word_1_339' title='bbox 373 1782 466 1825; x_wconf 75' lang='lat' dir='ltr'>Super</span> <span class='ocrx_word' id='word_1_340' title='bbox 485 1777 566 1811; x_wconf 59' lang='lat' dir='ltr'>dista</span> <span class='ocrx_word' id='word_1_341' title='bbox 589 1781 757 1812; x_wconf 80' lang='lat' dir='ltr'>Securitate</span> <span class='ocrx_word' id='word_1_342' title='bbox 768 1805 780 1822; x_wconf 91' lang='lat'>,</span> <span class='ocrx_word' id='word_1_343' title='bbox 804 1777 841 1812; x_wconf 86' lang='lat' dir='ltr'>de</span> <span class='ocrx_word' id='word_1_344' title='bbox 856 1776 1047 1814; x_wconf 78' lang='lat' dir='ltr'>Intendendo.</span> 
     </span>
    </p>
   </div>
   <div class='ocr_carea' id='block_1_16' title="bbox 179 1859 1253 2716">
    <p class='ocr_par' dir='ltr' id='par_1_21' title="bbox 179 1859 1240 1945">
     <span class='ocr_line' id='line_1_62' title="bbox 179 1859 1240 1925; baseline 0 -28"><span class='ocrx_word' id='word_1_345' title='bbox 179 1860 304 1925; x_wconf 77' lang='lat' dir='ltr'>REX</span> <span class='ocrx_word' id='word_1_346' title='bbox 315 1890 325 1904; x_wconf 90' lang='lat'><strong>‚</strong></span> <span class='ocrx_word' id='word_1_347' title='bbox 340 1859 448 1897; x_wconf 71' lang='lat' dir='ltr'>dilecto</span> <span class='ocrx_word' id='word_1_348' title='bbox 464 1864 683 1904; x_wconf 76' lang='lat' dir='ltr'>Consanguineo</span> <span class='ocrx_word' id='word_1_349' title='bbox 696 1865 729 1897; x_wconf 74' lang='grc' dir='ltr'>δε</span> <span class='ocrx_word' id='word_1_350' title='bbox 745 1864 768 1895; x_wconf 90' lang='lat' dir='ltr'>F</span> <span class='ocrx_word' id='word_1_351' title='bbox 770 1864 834 1896; x_wconf 92' lang='lat' dir='ltr'>ideli</span> <span class='ocrx_word' id='word_1_352' title='bbox 848 1864 948 1896; x_wconf 90' lang='lat' dir='ltr'>nostro</span> <span class='ocrx_word' id='word_1_353' title='bbox 961 1889 972 1904; x_wconf 86' lang='lat'>,</span> <span class='ocrx_word' id='word_1_354' title='bbox 995 1868 1113 1897; x_wconf 80' lang='lat' dir='ltr'>Henrico</span> <span class='ocrx_word' id='word_1_355' title='bbox 1127 1867 1158 1897; x_wconf 77' lang='lat' dir='ltr'>de</span> <span class='ocrx_word' id='word_1_356' title='bbox 1172 1868 1240 1897; x_wconf 88' lang='lat' dir='ltr'>Per-</span> 
     </span>
     <span class='ocr_line' id='line_1_63' title="bbox 257 1903 836 1945; baseline -0.002 -11"><span class='ocrx_word' id='word_1_357' title='bbox 257 1917 301 1945; x_wconf 80' lang='lat' dir='ltr'>cy,</span> <span class='ocrx_word' id='word_1_358' title='bbox 319 1905 432 1936; x_wconf 90' lang='lat' dir='ltr'>Comiti</span> <span class='ocrx_word' id='word_1_359' title='bbox 446 1903 687 1942; x_wconf 81' lang='lat' dir='ltr'>Northumbriae,</span> <span class='ocrx_word' id='word_1_360' title='bbox 703 1903 836 1935; x_wconf 86' lang='lat' dir='ltr'>Salutem.</span> 
     </span>
    </p>

    <p class='ocr_par' dir='ltr' id='par_1_22' title="bbox 179 1941 1246 2136">
     <span class='ocr_line' id='line_1_64' title="bbox 220 1941 1246 1982; baseline 0.002 -9"><span class='ocrx_word' id='word_1_361' title='bbox 220 1944 298 1982; x_wconf 82' lang='lat' dir='ltr'>Qia</span> <span class='ocrx_word' id='word_1_362' title='bbox 311 1943 504 1974; x_wconf 88' lang='lat' dir='ltr'>ordinavimus</span> <span class='ocrx_word' id='word_1_363' title='bbox 517 1944 550 1973; x_wconf 76' lang='grc' dir='ltr'>δε</span> <span class='ocrx_word' id='word_1_364' title='bbox 564 1943 745 1974; x_wconf 77' lang='lat' dir='ltr'>oneravimus</span> <span class='ocrx_word' id='word_1_365' title='bbox 761 1952 813 1973; x_wconf 89' lang='lat' dir='ltr'>vos</span> <span class='ocrx_word' id='word_1_366' title='bbox 828 1941 863 1972; x_wconf 90' lang='lat' dir='ltr'>ad</span> <span class='ocrx_word' id='word_1_367' title='bbox 874 1942 1048 1973; x_wconf 90' lang='lat' dir='ltr'>veniendum</span> <span class='ocrx_word' id='word_1_368' title='bbox 1066 1967 1076 1982; x_wconf 88' lang='lat'>,</span> <span class='ocrx_word' id='word_1_369' title='bbox 1094 1946 1124 1975; x_wconf 87' lang='lat' dir='ltr'>in</span> <span class='ocrx_word' id='word_1_370' title='bbox 1139 1943 1246 1975; x_wconf 89' lang='lat' dir='ltr'>Comi-</span> 
     </span>
     <span class='ocr_line' id='line_1_65' title="bbox 179 1979 1240 2021; baseline 0 -9"><span class='ocrx_word' id='word_1_371' title='bbox 179 1983 252 2020; x_wconf 84' lang='lat' dir='ltr'>tiva,</span> <span class='ocrx_word' id='word_1_372' title='bbox 271 1982 403 2013; x_wconf 87' lang='lat' dir='ltr'>cariffimi</span> <span class='ocrx_word' id='word_1_373' title='bbox 418 1981 563 2012; x_wconf 88' lang='lat' dir='ltr'>Avunculi</span> <span class='ocrx_word' id='word_1_374' title='bbox 577 1981 683 2019; x_wconf 83' lang='lat' dir='ltr'>nostri,</span> <span class='ocrx_word' id='word_1_375' title='bbox 700 1979 842 2019; x_wconf 75' lang='lat' dir='ltr'>Johannis</span> <span class='ocrx_word' id='word_1_376' title='bbox 858 1983 936 2019; x_wconf 81' lang='lat' dir='ltr'>Regis</span> <span class='ocrx_word' id='word_1_377' title='bbox 950 1981 1070 2021; x_wconf 82' lang='lat' dir='ltr'>Castellae</span> <span class='ocrx_word' id='word_1_378' title='bbox 1086 1982 1125 2017; x_wconf 74' lang='lat'><em>&amp;</em></span> <span class='ocrx_word' id='word_1_379' title='bbox 1140 1985 1240 2020; x_wconf 84' lang='lat' dir='ltr'>Legio-</span> 
     </span>
     <span class='ocr_line' id='line_1_66' title="bbox 179 2019 1240 2060; baseline 0.001 -9"><span class='ocrx_word' id='word_1_380' title='bbox 179 2023 222 2051; x_wconf 84' lang='lat' dir='ltr'>nis</span> <span class='ocrx_word' id='word_1_381' title='bbox 245 2020 336 2051; x_wconf 90' lang='lat' dir='ltr'>Ducis</span> <span class='ocrx_word' id='word_1_382' title='bbox 357 2019 529 2051; x_wconf 75' lang='lat' dir='ltr'>Lancastriae</span> <span class='ocrx_word' id='word_1_383' title='bbox 543 2042 553 2058; x_wconf 83' lang='lat'>‚</span> <span class='ocrx_word' id='word_1_384' title='bbox 581 2020 630 2057; x_wconf 90' lang='lat' dir='ltr'>qui</span> <span class='ocrx_word' id='word_1_385' title='bbox 652 2029 736 2057; x_wconf 88' lang='lat' dir='ltr'>penes</span> <span class='ocrx_word' id='word_1_386' title='bbox 751 2019 837 2058; x_wconf 88' lang='lat' dir='ltr'>Nos,</span> <span class='ocrx_word' id='word_1_387' title='bbox 855 2019 891 2050; x_wconf 91' lang='lat' dir='ltr'>de</span> <span class='ocrx_word' id='word_1_388' title='bbox 907 2020 1048 2051; x_wconf 80' lang='lat' dir='ltr'>Mandato</span> <span class='ocrx_word' id='word_1_389' title='bbox 1063 2021 1179 2060; x_wconf 87' lang='lat' dir='ltr'>nostro,</span> <span class='ocrx_word' id='word_1_390' title='bbox 1198 2022 1240 2052; x_wconf 90' lang='lat' dir='ltr'>est</span> 
     </span>
     <span class='ocr_line' id='line_1_67' title="bbox 179 2057 1244 2098; baseline 0.003 -9"><span class='ocrx_word' id='word_1_391' title='bbox 179 2067 314 2090; x_wconf 85' lang='lat' dir='ltr'>venturus</span> <span class='ocrx_word' id='word_1_392' title='bbox 329 2083 339 2097; x_wconf 94' lang='lat'>,</span> <span class='ocrx_word' id='word_1_393' title='bbox 363 2069 417 2098; x_wconf 90' lang='lat' dir='ltr'>pro</span> <span class='ocrx_word' id='word_1_394' title='bbox 436 2058 593 2089; x_wconf 90' lang='lat' dir='ltr'>Securitate</span> <span class='ocrx_word' id='word_1_395' title='bbox 616 2057 746 2088; x_wconf 85' lang='lat' dir='ltr'>Personae</span> <span class='ocrx_word' id='word_1_396' title='bbox 764 2058 846 2095; x_wconf 84' lang='lat' dir='ltr'>ipsius</span> <span class='ocrx_word' id='word_1_397' title='bbox 861 2058 1005 2089; x_wconf 90' lang='lat' dir='ltr'>Avunculi</span> <span class='ocrx_word' id='word_1_398' title='bbox 1020 2058 1123 2098; x_wconf 86' lang='lat' dir='ltr'>nostri,</span> <span class='ocrx_word' id='word_1_399' title='bbox 1142 2069 1244 2092; x_wconf 84' lang='lat' dir='ltr'>contra</span> 
     </span>
     <span class='ocr_line' id='line_1_68' title="bbox 180 2095 1070 2136; baseline -0.001 -7"><span class='ocrx_word' id='word_1_400' title='bbox 180 2095 324 2129; x_wconf 90' lang='lat' dir='ltr'>Malitiam</span> <span class='ocrx_word' id='word_1_401' title='bbox 337 2098 478 2136; x_wconf 87' lang='lat' dir='ltr'>ipsorum,</span> <span class='ocrx_word' id='word_1_402' title='bbox 498 2097 547 2134; x_wconf 88' lang='lat' dir='ltr'>qui</span> <span class='ocrx_word' id='word_1_403' title='bbox 562 2105 662 2127; x_wconf 88' lang='lat' dir='ltr'>contra</span> <span class='ocrx_word' id='word_1_404' title='bbox 676 2105 743 2127; x_wconf 89' lang='lat' dir='ltr'>eum</span> <span class='ocrx_word' id='word_1_405' title='bbox 760 2097 899 2136; x_wconf 82' lang='lat' dir='ltr'>insurgere</span> <span class='ocrx_word' id='word_1_406' title='bbox 913 2098 1070 2136; x_wconf 88' lang='lat' dir='ltr'>voluerint,</span> 
     </span>
    </p>

    <p class='ocr_par' dir='ltr' id='par_1_23' title="bbox 181 2129 1247 2446">
     <span class='ocr_line' id='line_1_69' title="bbox 220 2129 1244 2176; baseline 0.001 -9"><span class='ocrx_word' id='word_1_407' title='bbox 220 2136 427 2176; x_wconf 85' lang='lat' dir='ltr'>Affignavimus</span> <span class='ocrx_word' id='word_1_408' title='bbox 450 2135 511 2166; x_wconf 91' lang='lat' dir='ltr'>Vos</span> <span class='ocrx_word' id='word_1_409' title='bbox 534 2134 569 2165; x_wconf 88' lang='lat' dir='ltr'>ad</span> <span class='ocrx_word' id='word_1_410' title='bbox 591 2129 764 2166; x_wconf 71' lang='lat' dir='ltr'>potestatem</span> <span class='ocrx_word' id='word_1_411' title='bbox 788 2134 951 2165; x_wconf 87' lang='lat' dir='ltr'>Hominum</span> <span class='ocrx_word' id='word_1_412' title='bbox 965 2136 1000 2166; x_wconf 90' lang='lat' dir='ltr'>ad</span> <span class='ocrx_word' id='word_1_413' title='bbox 1015 2136 1120 2175; x_wconf 84' lang='lat' dir='ltr'>Arma,</span> <span class='ocrx_word' id='word_1_414' title='bbox 1140 2137 1244 2168; x_wconf 88' lang='lat' dir='ltr'>Arma-</span> 
     </span>
     <span class='ocr_line' id='line_1_70' title="bbox 182 2174 1245 2213; baseline 0.001 -7"><span class='ocrx_word' id='word_1_415' title='bbox 182 2183 299 2213; x_wconf 90' lang='lat' dir='ltr'>torum,</span> <span class='ocrx_word' id='word_1_416' title='bbox 317 2175 351 2206; x_wconf 88' lang='lat'>&amp;</span> <span class='ocrx_word' id='word_1_417' title='bbox 364 2174 594 2213; x_wconf 81' lang='lat' dir='ltr'>Sagittariorum,</span> <span class='ocrx_word' id='word_1_418' title='bbox 612 2175 786 2211; x_wconf 89' lang='lat' dir='ltr'>ubicumque</span> <span class='ocrx_word' id='word_1_419' title='bbox 798 2174 920 2204; x_wconf 81' lang='lat' dir='ltr'>inveniri</span> <span class='ocrx_word' id='word_1_420' title='bbox 933 2184 1083 2213; x_wconf 87' lang='lat' dir='ltr'>poterunt,</span> <span class='ocrx_word' id='word_1_421' title='bbox 1101 2177 1161 2207; x_wconf 73' lang='lat' dir='ltr'>tam</span> <span class='ocrx_word' id='word_1_422' title='bbox 1176 2177 1245 2207; x_wconf 89' lang='lat' dir='ltr'>infra</span> 
     </span>
     <span class='ocr_line' id='line_1_71' title="bbox 181 2212 1245 2251; baseline 0.001 -7"><span class='ocrx_word' id='word_1_423' title='bbox 181 2213 341 2245; x_wconf 88' lang='lat' dir='ltr'>Libertates</span> <span class='ocrx_word' id='word_1_424' title='bbox 356 2236 366 2251; x_wconf 89' lang='lat'>‚</span> <span class='ocrx_word' id='word_1_425' title='bbox 388 2213 475 2251; x_wconf 73' lang='lat' dir='ltr'>quam</span> <span class='ocrx_word' id='word_1_426' title='bbox 496 2220 571 2242; x_wconf 87' lang='lat' dir='ltr'>extra</span> <span class='ocrx_word' id='word_1_427' title='bbox 589 2236 598 2250; x_wconf 93' lang='lat'>,</span> <span class='ocrx_word' id='word_1_428' title='bbox 625 2221 709 2250; x_wconf 87' lang='lat' dir='ltr'>prout</span> <span class='ocrx_word' id='word_1_429' title='bbox 723 2213 794 2242; x_wconf 88' lang='lat' dir='ltr'>inter</span> <span class='ocrx_word' id='word_1_430' title='bbox 808 2212 898 2250; x_wconf 90' lang='lat' dir='ltr'>ipsum</span> <span class='ocrx_word' id='word_1_431' title='bbox 911 2212 1098 2244; x_wconf 87' lang='lat' dir='ltr'>Avunculum</span> <span class='ocrx_word' id='word_1_432' title='bbox 1113 2213 1245 2245; x_wconf 91' lang='lat' dir='ltr'>nostrum</span> 
     </span>
     <span class='ocr_line' id='line_1_72' title="bbox 182 2250 1247 2292; baseline -0.001 -8"><span class='ocrx_word' id='word_1_433' title='bbox 182 2253 218 2284; x_wconf 91' lang='lat'>&amp;</span> <span class='ocrx_word' id='word_1_434' title='bbox 232 2251 312 2290; x_wconf 86' lang='lat' dir='ltr'>Vos,</span> <span class='ocrx_word' id='word_1_435' title='bbox 328 2261 381 2292; x_wconf 89' lang='lat' dir='ltr'>pro</span> <span class='ocrx_word' id='word_1_436' title='bbox 395 2251 547 2283; x_wconf 75' lang='lat' dir='ltr'>securitate</span> <span class='ocrx_word' id='word_1_437' title='bbox 568 2251 602 2281; x_wconf 76' lang='grc' dir='ltr'>ὃ(</span> <span class='ocrx_word' id='word_1_438' title='bbox 616 2251 776 2283; x_wconf 80' lang='lat' dir='ltr'>Salvatione</span> <span class='ocrx_word' id='word_1_439' title='bbox 795 2250 926 2282; x_wconf 88' lang='lat' dir='ltr'>Personae</span> <span class='ocrx_word' id='word_1_440' title='bbox 941 2253 1011 2289; x_wconf 78' lang='lat' dir='ltr'>suae,</span> <span class='ocrx_word' id='word_1_441' title='bbox 1030 2252 1171 2283; x_wconf 91' lang='lat' dir='ltr'>videbitur</span> <span class='ocrx_word' id='word_1_442' title='bbox 1184 2253 1247 2284; x_wconf 86' lang='lat' dir='ltr'>fore</span> 
     </span>
     <span class='ocr_line' id='line_1_73' title="bbox 182 2288 1245 2330; baseline 0.002 -9"><span class='ocrx_word' id='word_1_443' title='bbox 182 2290 334 2328; x_wconf 82' lang='lat' dir='ltr'>expediens</span> <span class='ocrx_word' id='word_1_444' title='bbox 354 2291 387 2321; x_wconf 90' lang='lat'>&amp;</span> <span class='ocrx_word' id='word_1_445' title='bbox 409 2288 521 2320; x_wconf 78' lang='lat' dir='ltr'>necesse</span> <span class='ocrx_word' id='word_1_446' title='bbox 535 2313 545 2326; x_wconf 82' lang='lat'>,</span> <span class='ocrx_word' id='word_1_447' title='bbox 570 2299 640 2320; x_wconf 87' lang='lat' dir='ltr'>curn</span> <span class='ocrx_word' id='word_1_448' title='bbox 661 2290 745 2320; x_wconf 91' lang='lat' dir='ltr'>omni</span> <span class='ocrx_word' id='word_1_449' title='bbox 766 2289 906 2320; x_wconf 85' lang='lat' dir='ltr'>celeritate</span> <span class='ocrx_word' id='word_1_450' title='bbox 930 2289 1192 2330; x_wconf 78' lang='lat' dir='ltr'>Congregandum,</span> <span class='ocrx_word' id='word_1_451' title='bbox 1211 2292 1245 2323; x_wconf 85' lang='lat'>&amp;</span> 
     </span>
     <span class='ocr_line' id='line_1_74' title="bbox 183 2326 1247 2367; baseline 0.002 -7"><span class='ocrx_word' id='word_1_452' title='bbox 183 2329 300 2360; x_wconf 88' lang='lat' dir='ltr'>eosdem</span> <span class='ocrx_word' id='word_1_453' title='bbox 313 2328 455 2359; x_wconf 88' lang='lat' dir='ltr'>Homines</span> <span class='ocrx_word' id='word_1_454' title='bbox 467 2328 502 2359; x_wconf 91' lang='lat' dir='ltr'>ad</span> <span class='ocrx_word' id='word_1_455' title='bbox 517 2326 622 2367; x_wconf 84' lang='lat' dir='ltr'>Arma,</span> <span class='ocrx_word' id='word_1_456' title='bbox 640 2327 790 2366; x_wconf 73' lang='lat' dir='ltr'>Armacos,</span> <span class='ocrx_word' id='word_1_457' title='bbox 805 2329 838 2359; x_wconf 89' lang='lat'>&amp;</span> <span class='ocrx_word' id='word_1_458' title='bbox 852 2328 1027 2367; x_wconf 85' lang='lat' dir='ltr'>Sagittarios,</span> <span class='ocrx_word' id='word_1_459' title='bbox 1045 2331 1074 2359; x_wconf 86' lang='lat' dir='ltr'>in</span> <span class='ocrx_word' id='word_1_460' title='bbox 1096 2328 1247 2362; x_wconf 86' lang='lat' dir='ltr'>Comitiva</span> 
     </span>
     <span class='ocr_line' id='line_1_75' title="bbox 182 2365 1245 2408; baseline 0.002 -11"><span class='ocrx_word' id='word_1_461' title='bbox 182 2367 246 2405; x_wconf 90' lang='lat' dir='ltr'>sua,</span> <span class='ocrx_word' id='word_1_462' title='bbox 264 2378 312 2405; x_wconf 89' lang='lat' dir='ltr'>per</span> <span class='ocrx_word' id='word_1_463' title='bbox 335 2366 496 2398; x_wconf 88' lang='lat' dir='ltr'>Comitatus</span> <span class='ocrx_word' id='word_1_464' title='bbox 517 2365 743 2398; x_wconf 78' lang='lat' dir='ltr'>Northumbriae</span> <span class='ocrx_word' id='word_1_465' title='bbox 756 2389 767 2404; x_wconf 88' lang='lat'>‚</span> <span class='ocrx_word' id='word_1_466' title='bbox 788 2366 934 2406; x_wconf 88' lang='lat' dir='ltr'>Eborum,</span> <span class='ocrx_word' id='word_1_467' title='bbox 952 2368 985 2399; x_wconf 90' lang='lat'>&amp;</span> <span class='ocrx_word' id='word_1_468' title='bbox 1001 2365 1245 2408; x_wconf 85' lang='lat' dir='ltr'>Notynghamiae,</span> 
     </span>
     <span class='ocr_line' id='line_1_76' title="bbox 184 2404 1247 2446; baseline 0.001 -9"><span class='ocrx_word' id='word_1_469' title='bbox 184 2405 230 2438; x_wconf 87' lang='lat' dir='ltr'>vel</span> <span class='ocrx_word' id='word_1_470' title='bbox 244 2407 373 2445; x_wconf 84' lang='lat' dir='ltr'>ulterius,</span> <span class='ocrx_word' id='word_1_471' title='bbox 393 2414 476 2443; x_wconf 89' lang='lat' dir='ltr'>prout</span> <span class='ocrx_word' id='word_1_472' title='bbox 488 2404 624 2442; x_wconf 84' lang='lat' dir='ltr'>placuerit</span> <span class='ocrx_word' id='word_1_473' title='bbox 637 2405 732 2436; x_wconf 91' lang='lat' dir='ltr'>eidem</span> <span class='ocrx_word' id='word_1_474' title='bbox 748 2405 904 2436; x_wconf 84' lang='lat' dir='ltr'>Avunculo</span> <span class='ocrx_word' id='word_1_475' title='bbox 918 2406 1034 2444; x_wconf 85' lang='lat' dir='ltr'>nostro,</span> <span class='ocrx_word' id='word_1_476' title='bbox 1050 2406 1247 2446; x_wconf 67' lang='lat' dir='ltr'>Ducendum,</span> 
     </span>
    </p>

    <p class='ocr_par' dir='ltr' id='par_1_24' title="bbox 187 2443 1249 2559">
     <span class='ocr_line' id='line_1_77' title="bbox 225 2443 1249 2490; baseline 0.002 -16"><span class='ocrx_word' id='word_1_477' title='bbox 225 2443 264 2474; x_wconf 92' lang='lat' dir='ltr'>Et</span> <span class='ocrx_word' id='word_1_478' title='bbox 284 2443 350 2475; x_wconf 80' lang='lat' dir='ltr'>ideo</span> <span class='ocrx_word' id='word_1_479' title='bbox 374 2445 457 2474; x_wconf 89' lang='lat' dir='ltr'>vobis</span> <span class='ocrx_word' id='word_1_480' title='bbox 478 2443 650 2490; x_wconf 43' lang='lat' dir='ltr'>iniungimus</span> <span class='ocrx_word' id='word_1_481' title='bbox 673 2445 706 2475; x_wconf 69' lang='grc' dir='ltr'>ὃ(</span> <span class='ocrx_word' id='word_1_482' title='bbox 729 2444 892 2474; x_wconf 86' lang='lat' dir='ltr'>mandamus</span> <span class='ocrx_word' id='word_1_483' title='bbox 907 2444 988 2482; x_wconf 78' lang='lat' dir='ltr'>quod</span> <span class='ocrx_word' id='word_1_484' title='bbox 1002 2446 1077 2476; x_wconf 88' lang='lat' dir='ltr'>circa</span> <span class='ocrx_word' id='word_1_485' title='bbox 1092 2446 1249 2485; x_wconf 65' lang='lat' dir='ltr'>praemiffix,</span> 
     </span>
     <span class='ocr_line' id='line_1_78' title="bbox 187 2482 1248 2523; baseline 0.004 -11"><span class='ocrx_word' id='word_1_486' title='bbox 187 2492 259 2513; x_wconf 89' lang='lat' dir='ltr'>cum</span> <span class='ocrx_word' id='word_1_487' title='bbox 276 2483 359 2513; x_wconf 90' lang='lat' dir='ltr'>omni</span> <span class='ocrx_word' id='word_1_488' title='bbox 377 2483 520 2522; x_wconf 85' lang='lat' dir='ltr'>diligentia</span> <span class='ocrx_word' id='word_1_489' title='bbox 536 2506 546 2520; x_wconf 95' lang='lat'>,</span> <span class='ocrx_word' id='word_1_490' title='bbox 572 2482 719 2513; x_wconf 87' lang='lat' dir='ltr'>intendatis</span> <span class='ocrx_word' id='word_1_491' title='bbox 733 2505 744 2521; x_wconf 66' lang='lat'><em>2</em></span> <span class='ocrx_word' id='word_1_492' title='bbox 762 2482 795 2513; x_wconf 91' lang='lat'>&amp;</span> <span class='ocrx_word' id='word_1_493' title='bbox 809 2492 841 2513; x_wconf 94' lang='lat' dir='ltr'>ea</span> <span class='ocrx_word' id='word_1_494' title='bbox 856 2482 960 2514; x_wconf 84' lang='lat' dir='ltr'>faciatis</span> <span class='ocrx_word' id='word_1_495' title='bbox 973 2483 1007 2515; x_wconf 92' lang='lat'>&amp;</span> <span class='ocrx_word' id='word_1_496' title='bbox 1023 2486 1202 2523; x_wconf 86' lang='lat' dir='ltr'>exequamini</span> <span class='ocrx_word' id='word_1_497' title='bbox 1217 2486 1248 2516; x_wconf 89' lang='lat' dir='ltr'>in</span> 
     </span>
     <span class='ocr_line' id='line_1_79' title="bbox 187 2520 446 2559; baseline 0.004 -8"><span class='ocrx_word' id='word_1_498' title='bbox 187 2521 283 2551; x_wconf 86' lang='lat' dir='ltr'>forma</span> <span class='ocrx_word' id='word_1_499' title='bbox 298 2520 446 2559; x_wconf 72' lang='lat' dir='ltr'>praedieta:</span> 
     </span>
    </p>

    <p class='ocr_par' dir='ltr' id='par_1_25' title="bbox 187 2558 1253 2716">
     <span class='ocr_line' id='line_1_80' title="bbox 227 2558 1251 2600; baseline 0.003 -10"><span class='ocrx_word' id='word_1_500' title='bbox 227 2559 340 2590; x_wconf 89' lang='lat' dir='ltr'>Damus</span> <span class='ocrx_word' id='word_1_501' title='bbox 359 2568 454 2591; x_wconf 91' lang='lat' dir='ltr'>autem</span> <span class='ocrx_word' id='word_1_502' title='bbox 477 2559 610 2591; x_wconf 83' lang='lat' dir='ltr'>universis</span> <span class='ocrx_word' id='word_1_503' title='bbox 627 2558 806 2590; x_wconf 88' lang='lat' dir='ltr'>Hominibus</span> <span class='ocrx_word' id='word_1_504' title='bbox 818 2558 854 2589; x_wconf 92' lang='lat' dir='ltr'>ad</span> <span class='ocrx_word' id='word_1_505' title='bbox 868 2559 975 2599; x_wconf 86' lang='lat' dir='ltr'>Arma,</span> <span class='ocrx_word' id='word_1_506' title='bbox 993 2560 1135 2600; x_wconf 88' lang='lat' dir='ltr'>Armatis,</span> <span class='ocrx_word' id='word_1_507' title='bbox 1152 2562 1186 2593; x_wconf 90' lang='lat'>&amp;</span> <span class='ocrx_word' id='word_1_508' title='bbox 1199 2562 1251 2593; x_wconf 91' lang='lat' dir='ltr'>Sa-</span> 
     </span>
     <span class='ocr_line' id='line_1_81' title="bbox 187 2597 1252 2640; baseline 0.005 -13"><span class='ocrx_word' id='word_1_509' title='bbox 187 2597 308 2635; x_wconf 83' lang='lat' dir='ltr'>gittariis</span> <span class='ocrx_word' id='word_1_510' title='bbox 323 2621 332 2636; x_wconf 84' lang='lat'>‚</span> <span class='ocrx_word' id='word_1_511' title='bbox 358 2608 392 2628; x_wconf 91' lang='lat' dir='ltr'>ac</span> <span class='ocrx_word' id='word_1_512' title='bbox 413 2598 641 2629; x_wconf 89' lang='lat' dir='ltr'>Vicecomitibus</span> <span class='ocrx_word' id='word_1_513' title='bbox 654 2619 664 2636; x_wconf 83' lang='lat'>,</span> <span class='ocrx_word' id='word_1_514' title='bbox 686 2597 846 2634; x_wconf 86' lang='lat' dir='ltr'>Majoribus</span> <span class='ocrx_word' id='word_1_515' title='bbox 858 2621 868 2636; x_wconf 91' lang='lat'>‚</span> <span class='ocrx_word' id='word_1_516' title='bbox 891 2598 1003 2629; x_wconf 89' lang='lat' dir='ltr'>Ballivis</span> <span class='ocrx_word' id='word_1_517' title='bbox 1017 2624 1027 2638; x_wconf 88' lang='lat'>,</span> <span class='ocrx_word' id='word_1_518' title='bbox 1044 2599 1200 2640; x_wconf 85' lang='lat' dir='ltr'>Ministris,</span> <span class='ocrx_word' id='word_1_519' title='bbox 1218 2603 1252 2633; x_wconf 69' lang='grc' dir='ltr'>ὃς</span> 
     </span>
     <span class='ocr_line' id='line_1_82' title="bbox 188 2635 1251 2678; baseline 0.002 -11"><span class='ocrx_word' id='word_1_520' title='bbox 188 2636 248 2667; x_wconf 81' lang='lat' dir='ltr'>aliis</span> <span class='ocrx_word' id='word_1_521' title='bbox 263 2635 403 2667; x_wconf 88' lang='lat' dir='ltr'>Fidelibus</span> <span class='ocrx_word' id='word_1_522' title='bbox 415 2637 448 2667; x_wconf 90' lang='lat'>&amp;</span> <span class='ocrx_word' id='word_1_523' title='bbox 466 2636 559 2675; x_wconf 88' lang='lat' dir='ltr'>Ligeis</span> <span class='ocrx_word' id='word_1_524' title='bbox 571 2636 688 2674; x_wconf 82' lang='lat' dir='ltr'>nostris,</span> <span class='ocrx_word' id='word_1_525' title='bbox 706 2637 764 2666; x_wconf 75' lang='lat' dir='ltr'>tam</span> <span class='ocrx_word' id='word_1_526' title='bbox 779 2636 848 2667; x_wconf 91' lang='lat' dir='ltr'>infra</span> <span class='ocrx_word' id='word_1_527' title='bbox 864 2636 1036 2676; x_wconf 87' lang='lat' dir='ltr'>Libertates,</span> <span class='ocrx_word' id='word_1_528' title='bbox 1055 2640 1142 2676; x_wconf 72' lang='lat' dir='ltr'>quam</span> <span class='ocrx_word' id='word_1_529' title='bbox 1157 2648 1251 2678; x_wconf 83' lang='lat' dir='ltr'>extra,</span> 
     </span>
     <span class='ocr_line' id='line_1_83' title="bbox 189 2674 1253 2716; baseline 0.006 -12"><span class='ocrx_word' id='word_1_530' title='bbox 189 2674 271 2712; x_wconf 82' lang='lat' dir='ltr'>quod</span> <span class='ocrx_word' id='word_1_531' title='bbox 291 2675 341 2712; x_wconf 88' lang='lat' dir='ltr'>ipfi</span> <span class='ocrx_word' id='word_1_532' title='bbox 356 2697 366 2713; x_wconf 84' lang='lat'>‚</span> <span class='ocrx_word' id='word_1_533' title='bbox 390 2675 440 2705; x_wconf 90' lang='lat' dir='ltr'>sub</span> <span class='ocrx_word' id='word_1_534' title='bbox 459 2674 646 2706; x_wconf 67' lang='lat' dir='ltr'>Forisfaetura</span> <span class='ocrx_word' id='word_1_535' title='bbox 663 2675 797 2705; x_wconf 89' lang='lat' dir='ltr'>omnium</span> <span class='ocrx_word' id='word_1_536' title='bbox 818 2685 883 2713; x_wconf 84' lang='lat' dir='ltr'>quae</span> <span class='ocrx_word' id='word_1_537' title='bbox 896 2677 979 2706; x_wconf 88' lang='lat' dir='ltr'>nobis</span> <span class='ocrx_word' id='word_1_538' title='bbox 994 2676 1155 2708; x_wconf 86' lang='lat' dir='ltr'>forisfacere</span> <span class='ocrx_word' id='word_1_539' title='bbox 1170 2687 1253 2716; x_wconf 84' lang='lat' dir='ltr'>pote-</span> 
     </span>
    </p>
   </div>
   <div class='ocr_carea' id='block_1_17' title="bbox 192 2712 1093 2789">
    <p class='ocr_par' dir='ltr' id='par_1_26' title="bbox 192 2712 1093 2789">
     <span class='ocr_line' id='line_1_84' title="bbox 192 2712 1093 2782; baseline 0.006 -40"><span class='ocrx_word' id='word_1_540' title='bbox 192 2721 276 2780; x_wconf 73' lang='grc' dir='ltr'><strong>ῐυῐΙπ,</strong></span> <span class='ocrx_word' id='word_1_541' title='bbox 293 2714 376 2756; x_wconf 78' lang='lat' dir='ltr'>vobis</span> <span class='ocrx_word' id='word_1_542' title='bbox 386 2714 423 2782; x_wconf 60' lang='lat' dir='ltr'>ig&lt;</span> <span class='ocrx_word' id='word_1_543' title='bbox 431 2712 581 2745; x_wconf 83' lang='lat' dir='ltr'>Praemiffis</span> <span class='ocrx_word' id='word_1_544' title='bbox 593 2722 723 2753; x_wconf 71' lang='lat' dir='ltr'>pareant,</span> <span class='ocrx_word' id='word_1_545' title='bbox 741 2713 877 2745; x_wconf 84' lang='lat' dir='ltr'>obediant</span> <span class='ocrx_word' id='word_1_546' title='bbox 890 2716 924 2747; x_wconf 69' lang='grc' dir='ltr'>ὅ(</span> <span class='ocrx_word' id='word_1_547' title='bbox 939 2715 1093 2747; x_wconf 83' lang='lat' dir='ltr'>intendant.</span> 
     </span>
     <span class='ocr_line' id='line_1_85' title="bbox 245 2760 451 2789; baseline 0 -9"><span class='ocrx_word' id='word_1_548' title='bbox 245 2760 264 2780; x_wconf 91' lang='lat' dir='ltr'>n</span> <span class='ocrx_word' id='word_1_549' title='bbox 278 2760 372 2789; x_wconf 71' lang='lat' dir='ltr'>cujus,</span> <span class='ocrx_word' id='word_1_550' title='bbox 425 2760 451 2781; x_wconf 89' lang='lat' dir='ltr'>c.</span> 
     </span>
    </p>
   </div>
   <div class='ocr_carea' id='block_1_18' title="bbox 267 2787 1146 2880">
    <p class='ocr_par' dir='ltr' id='par_1_27' title="bbox 267 2787 1146 2880">
     <span class='ocr_line' id='line_1_86' title="bbox 267 2787 500 2827; baseline 0.004 -8"><span class='ocrx_word' id='word_1_551' title='bbox 267 2787 358 2820; x_wconf 88' lang='lat' dir='ltr'>Teste</span> <span class='ocrx_word' id='word_1_552' title='bbox 371 2797 402 2820; x_wconf 82' lang='lat' dir='ltr'>ut</span> <span class='ocrx_word' id='word_1_553' title='bbox 413 2789 500 2827; x_wconf 87' lang='lat' dir='ltr'>supra.</span> 
     </span>
     <span class='ocr_line' id='line_1_87' title="bbox 847 2831 1146 2880; baseline 0.003 -19"><span class='ocrx_word' id='word_1_554' title='bbox 847 2876 849 2880; x_wconf 30' lang='grc' dir='ltr'>ι</span> <span class='ocrx_word' id='word_1_555' title='bbox 880 2832 934 2862; x_wconf 86' lang='lat' dir='ltr'>Per</span> <span class='ocrx_word' id='word_1_556' title='bbox 946 2831 1029 2872; x_wconf 69' lang='lat' dir='ltr'>ipftm</span> <span class='ocrx_word' id='word_1_557' title='bbox 1043 2833 1146 2871; x_wconf 82' lang='lat' dir='ltr'>Regem.</span> 
     </span>
    </p>
   </div>
   <div class='ocr_carea' id='block_1_19' title="bbox 228 2900 1080 2949">
    <p class='ocr_par' dir='ltr' id='par_1_28' title="bbox 228 2900 1080 2949">
     <span class='ocr_line' id='line_1_88' title="bbox 228 2900 1080 2949; baseline 0.001 -12"><span class='ocrx_word' id='word_1_558' title='bbox 228 2901 393 2937; x_wconf 83' lang='lat' dir='ltr'>Consimilis</span> <span class='ocrx_word' id='word_1_559' title='bbox 408 2900 502 2937; x_wconf 77' lang='lat' dir='ltr'>Litera</span> <span class='ocrx_word' id='word_1_560' title='bbox 515 2906 641 2947; x_wconf 85' lang='lat' dir='ltr'>dirigitur</span> <span class='ocrx_word' id='word_1_561' title='bbox 652 2906 781 2947; x_wconf 85' lang='lat' dir='ltr'>Johanni</span> <span class='ocrx_word' id='word_1_562' title='bbox 793 2910 908 2939; x_wconf 81' lang='lat' dir='ltr'>Domino</span> <span class='ocrx_word' id='word_1_563' title='bbox 922 2909 954 2939; x_wconf 85' lang='lat' dir='ltr'>de</span> <span class='ocrx_word' id='word_1_564' title='bbox 965 2907 1080 2949; x_wconf 82' lang='lat' dir='ltr'>Nevyll.</span> 
     </span>
    </p>
   </div>
   <div class='ocr_carea' id='block_1_20' title="bbox 223 3041 1226 3134">
    <p class='ocr_par' dir='ltr' id='par_1_29' title="bbox 223 3041 1226 3134">
     <span class='ocr_line' id='line_1_89' title="bbox 223 3041 1226 3081; baseline 0.003 -7"><span class='ocrx_word' id='word_1_565' title='bbox 223 3043 244 3064; x_wconf 61' lang='lat'>⁴*</span> <span class='ocrx_word' id='word_1_566' title='bbox 267 3044 326 3075; x_wconf 86' lang='lat' dir='ltr'>Pro</span> <span class='ocrx_word' id='word_1_567' title='bbox 351 3041 510 3075; x_wconf 78' lang='lat' dir='ltr'>Cardinali</span> <span class='ocrx_word' id='word_1_568' title='bbox 535 3043 635 3076; x_wconf 84' lang='lat' dir='ltr'>Tituli</span> <span class='ocrx_word' id='word_1_569' title='bbox 660 3043 772 3076; x_wconf 68' lang='lat' dir='ltr'>Santfbae</span> <span class='ocrx_word' id='word_1_570' title='bbox 792 3042 941 3076; x_wconf 78' lang='lat' dir='ltr'>Praxedis</span> <span class='ocrx_word' id='word_1_571' title='bbox 958 3066 968 3081; x_wconf 89' lang='lat'>,</span> <span class='ocrx_word' id='word_1_572' title='bbox 1001 3042 1226 3077; x_wconf 76' lang='lat' dir='ltr'>Archidiacono</span> 
     </span>
     <span class='ocr_line' id='line_1_90' title="bbox 458 3091 994 3134; baseline 0.004 -11"><span class='ocrx_word' id='word_1_573' title='bbox 458 3091 667 3134; x_wconf 79' lang='lat' dir='ltr'>Dunolmenst,</span> <span class='ocrx_word' id='word_1_574' title='bbox 695 3091 732 3124; x_wconf 86' lang='lat' dir='ltr'>de</span> <span class='ocrx_word' id='word_1_575' title='bbox 753 3091 994 3126; x_wconf 80' lang='lat' dir='ltr'>Manutenendo.</span> 
     </span>
    </p>
   </div>
   <div class='ocr_carea' id='block_1_21' title="bbox 263 3174 1252 3218">
    <p class='ocr_par' dir='ltr' id='par_1_30' title="bbox 263 3174 1252 3218">
     <span class='ocr_line' id='line_1_91' title="bbox 263 3174 1252 3218; baseline 0.007 -14"><span class='ocrx_word' id='word_1_576' title='bbox 263 3174 288 3204; x_wconf 93' lang='lat' dir='ltr'>E</span> <span class='ocrx_word' id='word_1_577' title='bbox 298 3174 329 3206; x_wconf 91' lang='lat' dir='ltr'>X</span> <span class='ocrx_word' id='word_1_578' title='bbox 338 3198 348 3213; x_wconf 85' lang='lat'>,</span> <span class='ocrx_word' id='word_1_579' title='bbox 363 3174 483 3206; x_wconf 72' lang='lat' dir='ltr'>Dilesto</span> <span class='ocrx_word' id='word_1_580' title='bbox 497 3176 531 3208; x_wconf 67' lang='grc' dir='ltr'>δε</span> <span class='ocrx_word' id='word_1_581' title='bbox 547 3176 638 3207; x_wconf 87' lang='lat' dir='ltr'>Fideli</span> <span class='ocrx_word' id='word_1_582' title='bbox 653 3176 718 3216; x_wconf 80' lang='lat' dir='ltr'>suo,</span> <span class='ocrx_word' id='word_1_583' title='bbox 735 3176 865 3216; x_wconf 76' lang='lat' dir='ltr'>Johanm·</span> <span class='ocrx_word' id='word_1_584' title='bbox 877 3179 994 3207; x_wconf 80' lang='lat' dir='ltr'>Domino</span> <span class='ocrx_word' id='word_1_585' title='bbox 1008 3177 1040 3207; x_wconf 84' lang='lat' dir='ltr'>de</span> <span class='ocrx_word' id='word_1_586' title='bbox 1053 3177 1164 3218; x_wconf 80' lang='lat' dir='ltr'>Nevyll</span> <span class='ocrx_word' id='word_1_587' title='bbox 1176 3202 1185 3218; x_wconf 83' lang='lat'>,</span> <span class='ocrx_word' id='word_1_588' title='bbox 1203 3177 1252 3211; x_wconf 85' lang='lat' dir='ltr'>Sa-</span> 
     </span>
    </p>
   </div>
   <div class='ocr_carea' id='block_1_22' title="bbox 196 3177 370 3244">
    <p class='ocr_par' dir='ltr' id='par_1_31' title="bbox 196 3177 370 3244">
     <span class='ocr_line' id='line_1_92' title="bbox 196 3177 370 3244; baseline 0 -1"><span class='ocrx_word' id='word_1_589' title='bbox 196 3177 253 3232; x_wconf 79' lang='lat' dir='ltr'>R</span> <span class='ocrx_word' id='word_1_590' title='bbox 272 3213 370 3244; x_wconf 89' lang='lat' dir='ltr'>lutem.</span> 
     </span>
    </p>
   </div>
   <div class='ocr_carea' id='block_1_23' title="bbox 190 3250 1256 3948">
    <p class='ocr_par' dir='ltr' id='par_1_32' title="bbox 229 3250 440 3290">
     <span class='ocr_line' id='line_1_93' title="bbox 229 3250 440 3290; baseline 0.005 -8"><span class='ocrx_word' id='word_1_591' title='bbox 229 3250 328 3282; x_wconf 88' lang='lat' dir='ltr'>Sciatis</span> <span class='ocrx_word' id='word_1_592' title='bbox 343 3251 440 3290; x_wconf 82' lang='lat' dir='ltr'>quod,</span> 
     </span>
    </p>

    <p class='ocr_par' dir='ltr' id='par_1_33' title="bbox 190 3289 1255 3560">
     <span class='ocr_line' id='line_1_94' title="bbox 230 3289 1254 3333; baseline 0.006 -13"><span class='ocrx_word' id='word_1_593' title='bbox 230 3289 312 3321; x_wconf 71' lang='lat' dir='ltr'>Cum</span> <span class='ocrx_word' id='word_1_594' title='bbox 325 3300 416 3328; x_wconf 87' lang='lat' dir='ltr'>nuper</span> <span class='ocrx_word' id='word_1_595' title='bbox 430 3289 591 3321; x_wconf 87' lang='lat' dir='ltr'>dederimus</span> <span class='ocrx_word' id='word_1_596' title='bbox 605 3290 640 3322; x_wconf 89' lang='lat'>&amp;</span> <span class='ocrx_word' id='word_1_597' title='bbox 652 3292 890 3331; x_wconf 69' lang='lat' dir='ltr'>concesserimus,</span> <span class='ocrx_word' id='word_1_598' title='bbox 908 3293 1100 3333; x_wconf 89' lang='lat' dir='ltr'>Reverendo,</span> <span class='ocrx_word' id='word_1_599' title='bbox 1119 3296 1150 3325; x_wconf 88' lang='lat' dir='ltr'>in</span> <span class='ocrx_word' id='word_1_600' title='bbox 1165 3293 1254 3326; x_wconf 85' lang='lat' dir='ltr'>Chri-</span> 
     </span>
     <span class='ocr_line' id='line_1_95' title="bbox 194 3327 1255 3372; baseline 0.005 -13"><span class='ocrx_word' id='word_1_601' title='bbox 194 3327 239 3359; x_wconf 91' lang='lat' dir='ltr'>sto</span> <span class='ocrx_word' id='word_1_602' title='bbox 253 3328 346 3368; x_wconf 85' lang='lat' dir='ltr'>Patri,</span> <span class='ocrx_word' id='word_1_603' title='bbox 365 3329 440 3359; x_wconf 85' lang='lat' dir='ltr'>Pileo</span> <span class='ocrx_word' id='word_1_604' title='bbox 453 3329 545 3359; x_wconf 85' lang='lat' dir='ltr'>Tituli</span> <span class='ocrx_word' id='word_1_605' title='bbox 556 3329 667 3360; x_wconf 61' lang='lat' dir='ltr'>Sanciae</span> <span class='ocrx_word' id='word_1_606' title='bbox 686 3330 818 3361; x_wconf 88' lang='lat' dir='ltr'>Praxedis</span> <span class='ocrx_word' id='word_1_607' title='bbox 841 3331 990 3361; x_wconf 79' lang='lat' dir='ltr'>Presbitero</span> <span class='ocrx_word' id='word_1_608' title='bbox 1012 3333 1178 3372; x_wconf 80' lang='lat' dir='ltr'>cardinali,</span> <span class='ocrx_word' id='word_1_609' title='bbox 1198 3334 1255 3364; x_wconf 87' lang='lat' dir='ltr'>Ar-</span> 
     </span>
     <span class='ocr_line' id='line_1_96' title="bbox 193 3366 1254 3406; baseline 0.004 -8"><span class='ocrx_word' id='word_1_610' title='bbox 193 3367 424 3400; x_wconf 84' lang='lat' dir='ltr'>chidiaconatum</span> <span class='ocrx_word' id='word_1_611' title='bbox 437 3366 684 3406; x_wconf 87' lang='lat' dir='ltr'>Dunolmensem,</span> <span class='ocrx_word' id='word_1_612' title='bbox 700 3378 850 3400; x_wconf 89' lang='lat' dir='ltr'>vacantem</span> <span class='ocrx_word' id='word_1_613' title='bbox 864 3370 898 3400; x_wconf 87' lang='lat'>&amp;</span> <span class='ocrx_word' id='word_1_614' title='bbox 911 3369 946 3399; x_wconf 93' lang='lat' dir='ltr'>ad</span> <span class='ocrx_word' id='word_1_615' title='bbox 967 3370 1095 3402; x_wconf 90' lang='lat' dir='ltr'>nostram</span> <span class='ocrx_word' id='word_1_616' title='bbox 1110 3371 1254 3402; x_wconf 89' lang='lat' dir='ltr'>Donatio-</span> 
     </span>
     <span class='ocr_line' id='line_1_97' title="bbox 193 3405 1254 3448; baseline 0.005 -13"><span class='ocrx_word' id='word_1_617' title='bbox 193 3415 264 3438; x_wconf 89' lang='lat' dir='ltr'>nem</span> <span class='ocrx_word' id='word_1_618' title='bbox 276 3405 464 3444; x_wconf 53' lang='lat' dir='ltr'>spe-&amp;antem</span> <span class='ocrx_word' id='word_1_619' title='bbox 483 3405 592 3436; x_wconf 89' lang='lat' dir='ltr'>ratione</span> <span class='ocrx_word' id='word_1_620' title='bbox 602 3406 681 3437; x_wconf 89' lang='lat' dir='ltr'>Tem</span> <span class='ocrx_word' id='word_1_621' title='bbox 723 3407 820 3437; x_wconf 91' lang='lat' dir='ltr'>ralium</span> <span class='ocrx_word' id='word_1_622' title='bbox 836 3406 1022 3446; x_wconf 70' lang='lat' dir='ltr'>Episcopatus</span> <span class='ocrx_word' id='word_1_623' title='bbox 1036 3408 1254 3448; x_wconf 82' lang='lat' dir='ltr'>Dunolmenfis,</span> 
     </span>
     <span class='ocr_line' id='line_1_98' title="bbox 191 3443 1254 3514; baseline 0.004 -39"><span class='ocrx_word' id='word_1_624' title='bbox 191 3446 222 3475; x_wconf 90' lang='lat' dir='ltr'>in</span> <span class='ocrx_word' id='word_1_625' title='bbox 237 3453 323 3475; x_wconf 87' lang='lat' dir='ltr'>manu</span> <span class='ocrx_word' id='word_1_626' title='bbox 337 3443 432 3474; x_wconf 86' lang='lat' dir='ltr'>nostra</span> <span class='ocrx_word' id='word_1_627' title='bbox 444 3443 622 3475; x_wconf 85' lang='lat' dir='ltr'>existentium</span> <span class='ocrx_word' id='word_1_628' title='bbox 631 3468 641 3484; x_wconf 92' lang='lat'>,</span> <span class='ocrx_word' id='word_1_629' title='bbox 691 3444 836 3482; x_wconf 83' lang='lat' dir='ltr'>abendum</span> <span class='ocrx_word' id='word_1_630' title='bbox 856 3455 925 3476; x_wconf 88' lang='lat' dir='ltr'>cum</span> <span class='ocrx_word' id='word_1_631' title='bbox 945 3446 1122 3514; x_wconf 57' lang='lat' dir='ltr'>sulislffl&#39;ibus</span> <span class='ocrx_word' id='word_1_632' title='bbox 1135 3449 1169 3479; x_wconf 87' lang='lat'>&amp;</span> <span class='ocrx_word' id='word_1_633' title='bbox 1184 3447 1254 3478; x_wconf 91' lang='lat' dir='ltr'>Per-</span> 
     </span>
     <span class='ocr_line' id='line_1_99' title="bbox 191 3482 1251 3525; baseline 0.004 -12"><span class='ocrx_word' id='word_1_634' title='bbox 191 3483 313 3514; x_wconf 86' lang='lat' dir='ltr'>tinentiis</span> <span class='ocrx_word' id='word_1_635' title='bbox 337 3482 562 3521; x_wconf 77' lang='lat' dir='ltr'>quibuscumque</span> <span class='ocrx_word' id='word_1_636' title='bbox 577 3507 587 3522; x_wconf 89' lang='lat'>,</span> <span class='ocrx_word' id='word_1_637' title='bbox 613 3492 697 3521; x_wconf 89' lang='lat' dir='ltr'>prout</span> <span class='ocrx_word' id='word_1_638' title='bbox 711 3484 740 3514; x_wconf 90' lang='lat' dir='ltr'>in</span> <span class='ocrx_word' id='word_1_639' title='bbox 754 3482 855 3515; x_wconf 87' lang='lat' dir='ltr'>Literis</span> <span class='ocrx_word' id='word_1_640' title='bbox 869 3483 971 3514; x_wconf 79' lang='lat' dir='ltr'>nostris</span> <span class='ocrx_word' id='word_1_641' title='bbox 1009 3486 1166 3525; x_wconf 86' lang='lat' dir='ltr'>atentibus,</span> <span class='ocrx_word' id='word_1_642' title='bbox 1182 3487 1251 3518; x_wconf 76' lang='lat' dir='ltr'>inde</span> 
     </span>
     <span class='ocr_line' id='line_1_100' title="bbox 190 3520 670 3560; baseline 0 -8"><span class='ocrx_word' id='word_1_643' title='bbox 190 3521 347 3559; x_wconf 61' lang='lat' dir='ltr'>conkffis,</span> <span class='ocrx_word' id='word_1_644' title='bbox 365 3520 476 3559; x_wconf 72' lang='lat' dir='ltr'>plenius</span> <span class='ocrx_word' id='word_1_645' title='bbox 490 3522 670 3560; x_wconf 87' lang='lat' dir='ltr'>continetur,</span> 
     </span>
    </p>

    <p class='ocr_par' dir='ltr' id='par_1_34' title="bbox 191 3558 1256 3668">
     <span class='ocr_line' id='line_1_101' title="bbox 230 3558 1256 3600; baseline 0.004 -10"><span class='ocrx_word' id='word_1_646' title='bbox 230 3559 276 3590; x_wconf 87' lang='lat' dir='ltr'>Ac</span> <span class='ocrx_word' id='word_1_647' title='bbox 292 3559 369 3590; x_wconf 87' lang='lat' dir='ltr'>idern</span> <span class='ocrx_word' id='word_1_648' title='bbox 383 3558 539 3589; x_wconf 86' lang='lat' dir='ltr'>Cardinalis</span> <span class='ocrx_word' id='word_1_649' title='bbox 551 3559 677 3590; x_wconf 88' lang='lat' dir='ltr'>debitam</span> <span class='ocrx_word' id='word_1_650' title='bbox 690 3560 724 3591; x_wconf 88' lang='lat'>&amp;</span> <span class='ocrx_word' id='word_1_651' title='bbox 739 3558 888 3599; x_wconf 78' lang='lat' dir='ltr'>pacificam</span> <span class='ocrx_word' id='word_1_652' title='bbox 905 3559 1113 3593; x_wconf 80' lang='lat' dir='ltr'>Posseffionem</span> <span class='ocrx_word' id='word_1_653' title='bbox 1131 3563 1256 3600; x_wconf 88' lang='lat' dir='ltr'>ejusdem</span> 
     </span>
     <span class='ocr_line' id='line_1_102' title="bbox 191 3596 1254 3668; baseline 0.004 -39"><span class='ocrx_word' id='word_1_654' title='bbox 191 3596 465 3668; x_wconf 31' lang='lat' dir='ltr'>&amp;regidiaconatsig</span> <span class='ocrx_word' id='word_1_655' title='bbox 483 3597 585 3629; x_wconf 79' lang='lat' dir='ltr'>virtute</span> <span class='ocrx_word' id='word_1_656' title='bbox 601 3596 771 3630; x_wconf 85' lang='lat' dir='ltr'>Collationis</span> <span class='ocrx_word' id='word_1_657' title='bbox 790 3599 896 3630; x_wconf 85' lang='lat' dir='ltr'>nostrae</span> <span class='ocrx_word' id='word_1_658' title='bbox 909 3600 1068 3640; x_wconf 65' lang='lat' dir='ltr'>praedictae,</span> <span class='ocrx_word' id='word_1_659' title='bbox 1086 3609 1118 3632; x_wconf 91' lang='lat' dir='ltr'>ut</span> <span class='ocrx_word' id='word_1_660' title='bbox 1132 3602 1254 3641; x_wconf 86' lang='lat' dir='ltr'>dicitur,</span> 
     </span>
     <span class='ocr_line' id='line_1_103' title="bbox 204 3645 354 3668; baseline -0.013 0"><span class='ocrx_word' id='word_1_661' title='bbox 204 3646 225 3668; x_wconf 76' lang='lat' dir='ltr'>it</span> <span class='ocrx_word' id='word_1_662' title='bbox 239 3648 254 3668; x_wconf 90' lang='lat' dir='ltr'>a</span> <span class='ocrx_word' id='word_1_663' title='bbox 274 3647 290 3668; x_wconf 90' lang='lat' dir='ltr'>e</span> <span class='ocrx_word' id='word_1_664' title='bbox 311 3645 354 3667; x_wconf 88' lang='lat' dir='ltr'>tus</span> 
     </span>
    </p>

    <p class='ocr_par' dir='ltr' id='par_1_35' title="bbox 192 3647 1255 3948">
     <span class='ocr_line' id='line_1_104' title="bbox 227 3647 1254 3716; baseline 0.003 -10"><span class='ocrx_word' id='word_1_665' title='bbox 227 3647 350 3714; x_wconf 57' lang='lat' dir='ltr'>Jamgue</span> <span class='ocrx_word' id='word_1_666' title='bbox 363 3659 576 3705; x_wconf 84' lang='lat' dir='ltr'>&#39;nichilominus</span> <span class='ocrx_word' id='word_1_667' title='bbox 588 3697 598 3710; x_wconf 92' lang='lat'><strong>‚</strong></span> <span class='ocrx_word' id='word_1_668' title='bbox 621 3684 656 3706; x_wconf 82' lang='lat' dir='ltr'>ex</span> <span class='ocrx_word' id='word_1_669' title='bbox 682 3675 773 3707; x_wconf 85' lang='lat' dir='ltr'>relatu</span> <span class='ocrx_word' id='word_1_670' title='bbox 788 3676 910 3714; x_wconf 90' lang='lat' dir='ltr'>plurium</span> <span class='ocrx_word' id='word_1_671' title='bbox 924 3700 934 3715; x_wconf 92' lang='lat'>,</span> <span class='ocrx_word' id='word_1_672' title='bbox 959 3677 1151 3716; x_wconf 85' lang='lat' dir='ltr'>acceperimus</span> <span class='ocrx_word' id='word_1_673' title='bbox 1171 3678 1254 3716; x_wconf 78' lang='lat' dir='ltr'>quod</span> 
     </span>
     <span class='ocr_line' id='line_1_105' title="bbox 192 3712 1255 3755; baseline 0.002 -11"><span class='ocrx_word' id='word_1_674' title='bbox 192 3714 327 3752; x_wconf 73' lang='lat' dir='ltr'>quidam,</span> <span class='ocrx_word' id='word_1_675' title='bbox 346 3712 523 3751; x_wconf 86' lang='lat' dir='ltr'>nitentesJus</span> <span class='ocrx_word' id='word_1_676' title='bbox 539 3712 668 3744; x_wconf 86' lang='lat' dir='ltr'>nostrum</span> <span class='ocrx_word' id='word_1_677' title='bbox 683 3713 826 3753; x_wconf 83' lang='lat' dir='ltr'>Regium,</span> <span class='ocrx_word' id='word_1_678' title='bbox 844 3715 873 3744; x_wconf 89' lang='lat' dir='ltr'>in</span> <span class='ocrx_word' id='word_1_679' title='bbox 887 3715 941 3745; x_wconf 91' lang='lat' dir='ltr'>hac</span> <span class='ocrx_word' id='word_1_680' title='bbox 955 3725 1032 3753; x_wconf 90' lang='lat' dir='ltr'>parte</span> <span class='ocrx_word' id='word_1_681' title='bbox 1046 3739 1056 3755; x_wconf 91' lang='lat'>,</span> <span class='ocrx_word' id='word_1_682' title='bbox 1080 3726 1132 3753; x_wconf 86' lang='lat' dir='ltr'>pro</span> <span class='ocrx_word' id='word_1_683' title='bbox 1148 3717 1255 3746; x_wconf 87' lang='lat' dir='ltr'>viribus</span> 
     </span>
     <span class='ocr_line' id='line_1_106' title="bbox 193 3751 1255 3794; baseline 0.004 -13"><span class='ocrx_word' id='word_1_684' title='bbox 193 3762 325 3784; x_wconf 90' lang='lat' dir='ltr'>enervare</span> <span class='ocrx_word' id='word_1_685' title='bbox 335 3775 344 3790; x_wconf 86' lang='lat'>‚</span> <span class='ocrx_word' id='word_1_686' title='bbox 361 3752 387 3782; x_wconf 91' lang='lat' dir='ltr'>se</span> <span class='ocrx_word' id='word_1_687' title='bbox 402 3760 498 3789; x_wconf 88' lang='lat' dir='ltr'>parant</span> <span class='ocrx_word' id='word_1_688' title='bbox 513 3751 546 3782; x_wconf 72' lang='grc' dir='ltr'>ὅ(</span> <span class='ocrx_word' id='word_1_689' title='bbox 561 3751 726 3789; x_wconf 86' lang='lat' dir='ltr'>intendunt,</span> <span class='ocrx_word' id='word_1_690' title='bbox 744 3753 865 3790; x_wconf 83' lang='lat' dir='ltr'>quaesitis</span> <span class='ocrx_word' id='word_1_691' title='bbox 879 3751 1053 3793; x_wconf 74' lang='lat' dir='ltr'>Coloribus‚</span> <span class='ocrx_word' id='word_1_692' title='bbox 1070 3754 1158 3794; x_wconf 91' lang='lat' dir='ltr'>ipsum</span> <span class='ocrx_word' id='word_1_693' title='bbox 1182 3753 1255 3785; x_wconf 76' lang='lat' dir='ltr'>Oar-</span> 
     </span>
     <span class='ocr_line' id='line_1_107' title="bbox 192 3789 1252 3832; baseline 0.005 -13"><span class='ocrx_word' id='word_1_694' title='bbox 192 3790 316 3820; x_wconf 89' lang='lat' dir='ltr'>dinalem</span> <span class='ocrx_word' id='word_1_695' title='bbox 338 3800 353 3820; x_wconf 90' lang='lat' dir='ltr'>a</span> <span class='ocrx_word' id='word_1_696' title='bbox 376 3789 551 3820; x_wconf 81' lang='lat' dir='ltr'>Poffeffione</span> <span class='ocrx_word' id='word_1_697' title='bbox 569 3789 615 3819; x_wconf 72' lang='lat' dir='ltr'>sua</span> <span class='ocrx_word' id='word_1_698' title='bbox 638 3789 888 3822; x_wconf 82' lang='lat' dir='ltr'>Archidiaconatus</span> <span class='ocrx_word' id='word_1_699' title='bbox 910 3791 1038 3828; x_wconf 68' lang='lat' dir='ltr'>praedicti</span> <span class='ocrx_word' id='word_1_700' title='bbox 1057 3801 1106 3832; x_wconf 89' lang='lat' dir='ltr'>per</span> <span class='ocrx_word' id='word_1_701' title='bbox 1126 3792 1195 3822; x_wconf 90' lang='lat' dir='ltr'>Vim</span> <span class='ocrx_word' id='word_1_702' title='bbox 1218 3793 1252 3824; x_wconf 68' lang='grc' dir='ltr'>δε</span> 
     </span>
     <span class='ocr_line' id='line_1_108' title="bbox 193 3827 1254 3867; baseline 0.005 -11"><span class='ocrx_word' id='word_1_703' title='bbox 193 3827 339 3858; x_wconf 85' lang='lat' dir='ltr'>Armatam</span> <span class='ocrx_word' id='word_1_704' title='bbox 360 3827 521 3859; x_wconf 86' lang='lat' dir='ltr'>Potentiam</span> <span class='ocrx_word' id='word_1_705' title='bbox 546 3827 684 3858; x_wconf 77' lang='lat' dir='ltr'>malitiose</span> <span class='ocrx_word' id='word_1_706' title='bbox 702 3828 840 3866; x_wconf 83' lang='lat' dir='ltr'>expellere</span> <span class='ocrx_word' id='word_1_707' title='bbox 854 3851 864 3867; x_wconf 91' lang='lat'>‚</span> <span class='ocrx_word' id='word_1_708' title='bbox 889 3829 923 3860; x_wconf 93' lang='lat'>&amp;</span> <span class='ocrx_word' id='word_1_709' title='bbox 935 3829 1204 3861; x_wconf 85' lang='lat' dir='ltr'>Archidiaconatum</span> <span class='ocrx_word' id='word_1_710' title='bbox 1219 3831 1254 3861; x_wconf 89' lang='lat' dir='ltr'>il-</span> 
     </span>
     <span class='ocr_line' id='line_1_109' title="bbox 193 3865 1252 3907; baseline 0.004 -11"><span class='ocrx_word' id='word_1_711' title='bbox 193 3865 254 3896; x_wconf 89' lang='lat' dir='ltr'>lum</span> <span class='ocrx_word' id='word_1_712' title='bbox 268 3875 318 3902; x_wconf 85' lang='lat' dir='ltr'>per</span> <span class='ocrx_word' id='word_1_713' title='bbox 331 3865 490 3904; x_wconf 85' lang='lat' dir='ltr'>hujusmodi</span> <span class='ocrx_word' id='word_1_714' title='bbox 503 3866 572 3897; x_wconf 91' lang='lat' dir='ltr'>Vim</span> <span class='ocrx_word' id='word_1_715' title='bbox 590 3867 622 3897; x_wconf 90' lang='lat'>&amp;</span> <span class='ocrx_word' id='word_1_716' title='bbox 637 3865 799 3897; x_wconf 84' lang='lat' dir='ltr'>Potentiam</span> <span class='ocrx_word' id='word_1_717' title='bbox 813 3877 971 3907; x_wconf 84' lang='lat' dir='ltr'>occupare,</span> <span class='ocrx_word' id='word_1_718' title='bbox 987 3867 1082 3906; x_wconf 83' lang='lat' dir='ltr'>quod,</span> <span class='ocrx_word' id='word_1_719' title='bbox 1101 3868 1120 3898; x_wconf 79' lang='lat' dir='ltr'>fi</span> <span class='ocrx_word' id='word_1_720' title='bbox 1137 3870 1252 3906; x_wconf 87' lang='lat' dir='ltr'>permit-</span> 
     </span>
     <span class='ocr_line' id='line_1_110' title="bbox 192 3904 1250 3948; baseline 0.006 -16"><span class='ocrx_word' id='word_1_721' title='bbox 192 3911 314 3939; x_wconf 88' lang='lat' dir='ltr'>teretur,</span> <span class='ocrx_word' id='word_1_722' title='bbox 334 3913 392 3934; x_wconf 86' lang='lat' dir='ltr'>non</span> <span class='ocrx_word' id='word_1_723' title='bbox 406 3905 498 3935; x_wconf 74' lang='lat' dir='ltr'>solum</span> <span class='ocrx_word' id='word_1_724' title='bbox 514 3906 542 3935; x_wconf 92' lang='lat' dir='ltr'>in</span> <span class='ocrx_word' id='word_1_725' title='bbox 557 3904 759 3948; x_wconf 75' lang='lat' dir='ltr'>Praejudicium</span> <span class='ocrx_word' id='word_1_726' title='bbox 778 3905 811 3936; x_wconf 91' lang='lat'>&amp;</span> <span class='ocrx_word' id='word_1_727' title='bbox 826 3905 1027 3943; x_wconf 89' lang='lat' dir='ltr'>Opprobrium</span> <span class='ocrx_word' id='word_1_728' title='bbox 1048 3906 1193 3945; x_wconf 88' lang='lat' dir='ltr'>nostrum,</span> <span class='ocrx_word' id='word_1_729' title='bbox 1212 3907 1250 3940; x_wconf 85' lang='lat' dir='ltr'>set</span> 
     </span>
    </p>
   </div>
   <div class='ocr_carea' id='block_1_24' title="bbox 191 3940 1200 4019">
    <p class='ocr_par' dir='ltr' id='par_1_36' title="bbox 191 3940 1200 4019">
     <span class='ocr_line' id='line_1_111' title="bbox 191 3940 1200 4018; baseline 0.005 -46"><span class='ocrx_word' id='word_1_730' title='bbox 191 3942 221 3972; x_wconf 86' lang='lat' dir='ltr'>in</span> <span class='ocrx_word' id='word_1_731' title='bbox 233 3940 398 4018; x_wconf 45' lang='lat' dir='ltr'>klaefiqgim</span> <span class='ocrx_word' id='word_1_732' title='bbox 411 3942 512 3984; x_wconf 86' lang='lat' dir='ltr'>Regiae</span> <span class='ocrx_word' id='word_1_733' title='bbox 526 3942 680 3983; x_wconf 73' lang='lat' dir='ltr'>Dignitatis</span> <span class='ocrx_word' id='word_1_734' title='bbox 692 3942 812 3982; x_wconf 85' lang='lat' dir='ltr'>nostrae,</span> <span class='ocrx_word' id='word_1_735' title='bbox 831 3944 1002 3977; x_wconf 81' lang='lat' dir='ltr'>manifestius</span> <span class='ocrx_word' id='word_1_736' title='bbox 1015 3944 1200 3983; x_wconf 81' lang='lat' dir='ltr'>redundaret,</span> 
     </span>
     <span class='ocr_line' id='line_1_112' title="bbox 270 3988 416 4019; baseline 0 -10"><span class='ocrx_word' id='word_1_737' title='bbox 270 3988 324 4009; x_wconf 83' lang='lat' dir='ltr'>osi</span> <span class='ocrx_word' id='word_1_738' title='bbox 345 3988 416 4019; x_wconf 84' lang='lat' dir='ltr'>iur,</span> 
     </span>
    </p>
   </div>
   <div class='ocr_carea' id='block_1_25' title="bbox 1266 218 2337 642">
    <p class='ocr_par' dir='ltr' id='par_1_37' title="bbox 1266 218 2333 297">
     <span class='ocr_line' id='line_1_113' title="bbox 1266 218 2333 258; baseline 0.003 -10"><span class='ocrx_word' id='word_1_739' title='bbox 1266 218 1366 248; x_wconf 83' lang='lat' dir='ltr'>mediis</span> <span class='ocrx_word' id='word_1_740' title='bbox 1379 218 1522 257; x_wconf 77' lang='lat' dir='ltr'>Congruis</span> <span class='ocrx_word' id='word_1_741' title='bbox 1535 221 1672 258; x_wconf 87' lang='lat' dir='ltr'>obviare,</span> <span class='ocrx_word' id='word_1_742' title='bbox 1691 223 1722 251; x_wconf 64' lang='grc' dir='ltr'>ὃς</span> <span class='ocrx_word' id='word_1_743' title='bbox 1738 219 1867 250; x_wconf 68' lang='lat' dir='ltr'>Conatus</span> <span class='ocrx_word' id='word_1_744' title='bbox 1884 221 1994 250; x_wconf 70' lang='lat' dir='ltr'>ill‘citos</span> <span class='ocrx_word' id='word_1_745' title='bbox 2009 222 2143 250; x_wconf 80' lang='lat' dir='ltr'>omnium</span> <span class='ocrx_word' id='word_1_746' title='bbox 2159 224 2193 251; x_wconf 70' lang='grc' dir='ltr'>ὅ(</span> <span class='ocrx_word' id='word_1_747' title='bbox 2210 220 2333 257; x_wconf 82' lang='lat' dir='ltr'>singulo-</span> 
     </span>
     <span class='ocr_line' id='line_1_114' title="bbox 1267 256 2257 297; baseline 0.002 -12"><span class='ocrx_word' id='word_1_748' title='bbox 1267 266 1349 294; x_wconf 85' lang='lat' dir='ltr'>rum,</span> <span class='ocrx_word' id='word_1_749' title='bbox 1364 256 1431 294; x_wconf 88' lang='lat' dir='ltr'>Jura</span> <span class='ocrx_word' id='word_1_750' title='bbox 1447 258 1576 288; x_wconf 63' lang='lat' dir='ltr'>Corone</span> <span class='ocrx_word' id='word_1_751' title='bbox 1591 258 1695 288; x_wconf 71' lang='lat' dir='ltr'>nostrae</span> <span class='ocrx_word' id='word_1_752' title='bbox 1708 260 1876 296; x_wconf 85' lang='lat' dir='ltr'>impugnare</span> <span class='ocrx_word' id='word_1_753' title='bbox 1893 259 2075 297; x_wconf 73' lang='lat' dir='ltr'>Volentium,</span> <span class='ocrx_word' id='word_1_754' title='bbox 2095 260 2257 296; x_wconf 74' lang='lat' dir='ltr'>refraenare,</span> 
     </span>
    </p>

    <p class='ocr_par' dir='ltr' id='par_1_38' title="bbox 1267 293 2334 487">
     <span class='ocr_line' id='line_1_115' title="bbox 1307 293 2334 333; baseline 0.004 -9"><span class='ocrx_word' id='word_1_755' title='bbox 1307 293 1516 333; x_wconf 85' lang='lat' dir='ltr'>Affignavimus</span> <span class='ocrx_word' id='word_1_756' title='bbox 1537 296 1599 327; x_wconf 83' lang='lat' dir='ltr'>Vos</span> <span class='ocrx_word' id='word_1_757' title='bbox 1618 297 1652 325; x_wconf 89' lang='lat' dir='ltr'>ad</span> <span class='ocrx_word' id='word_1_758' title='bbox 1676 298 1824 333; x_wconf 64' lang='lat' dir='ltr'>praefatum</span> <span class='ocrx_word' id='word_1_759' title='bbox 1846 296 2027 326; x_wconf 64' lang='lat' dir='ltr'>Cardinaiem</span> <span class='ocrx_word' id='word_1_760' title='bbox 2043 321 2052 332; x_wconf 87' lang='lat'>,</span> <span class='ocrx_word' id='word_1_761' title='bbox 2078 300 2111 328; x_wconf 60' lang='lat' dir='ltr'>de</span> <span class='ocrx_word' id='word_1_762' title='bbox 2133 296 2334 328; x_wconf 76' lang='lat' dir='ltr'>Procuratores</span> 
     </span>
     <span class='ocr_line' id='line_1_116' title="bbox 1267 332 2334 372; baseline 0.004 -11"><span class='ocrx_word' id='word_1_763' title='bbox 1267 332 1331 362; x_wconf 86' lang='lat' dir='ltr'>suos</span> <span class='ocrx_word' id='word_1_764' title='bbox 1351 334 1408 363; x_wconf 79' lang='lat' dir='ltr'>e&#39;us</span> <span class='ocrx_word' id='word_1_765' title='bbox 1429 335 1562 371; x_wconf 82' lang='lat' dir='ltr'>nomine,</span> <span class='ocrx_word' id='word_1_766' title='bbox 1582 336 1611 364; x_wconf 89' lang='lat' dir='ltr'>in</span> <span class='ocrx_word' id='word_1_767' title='bbox 1626 334 1802 372; x_wconf 53' lang='lat' dir='ltr'>Possfeffione</span> <span class='ocrx_word' id='word_1_768' title='bbox 1819 335 2073 365; x_wconf 61' lang='lat' dir='ltr'>Archidiacomrsn</span> <span class='ocrx_word' id='word_1_769' title='bbox 2090 335 2218 372; x_wconf 54' lang='lat' dir='ltr'>praediciti</span> <span class='ocrx_word' id='word_1_770' title='bbox 2235 346 2334 365; x_wconf 52' lang='lat' dir='ltr'>manum</span> 
     </span>
     <span class='ocr_line' id='line_1_117' title="bbox 1268 372 2333 411; baseline 0.002 -10"><span class='ocrx_word' id='word_1_771' title='bbox 1268 380 1352 401; x_wconf 88' lang='lat' dir='ltr'>tenen</span> <span class='ocrx_word' id='word_1_772' title='bbox 1376 381 1424 401; x_wconf 91' lang='lat' dir='ltr'>um</span> <span class='ocrx_word' id='word_1_773' title='bbox 1439 373 1472 402; x_wconf 87' lang='lat'>&amp;</span> <span class='ocrx_word' id='word_1_774' title='bbox 1488 372 1672 411; x_wconf 86' lang='lat' dir='ltr'>solvendum,</span> <span class='ocrx_word' id='word_1_775' title='bbox 1690 374 1723 403; x_wconf 90' lang='lat'>&amp;</span> <span class='ocrx_word' id='word_1_776' title='bbox 1736 373 1981 411; x_wconf 86' lang='lat' dir='ltr'>quibuscumque,</span> <span class='ocrx_word' id='word_1_777' title='bbox 2000 374 2088 410; x_wconf 73' lang='lat' dir='ltr'>ipsum</span> <span class='ocrx_word' id='word_1_778' title='bbox 2103 372 2282 403; x_wconf 80' lang='lat' dir='ltr'>Cardinalem</span> <span class='ocrx_word' id='word_1_779' title='bbox 2297 375 2333 404; x_wconf 72' lang='lat' dir='ltr'>ab</span> 
     </span>
     <span class='ocr_line' id='line_1_118' title="bbox 1268 408 2334 450; baseline 0.005 -12"><span class='ocrx_word' id='word_1_780' title='bbox 1268 408 1374 439; x_wconf 88' lang='lat' dir='ltr'>eodem</span> <span class='ocrx_word' id='word_1_781' title='bbox 1395 409 1634 441; x_wconf 80' lang='lat' dir='ltr'>Archidiaconatu</span> <span class='ocrx_word' id='word_1_782' title='bbox 1648 433 1658 448; x_wconf 93' lang='lat'>‚</span> <span class='ocrx_word' id='word_1_783' title='bbox 1676 421 1706 441; x_wconf 89' lang='lat' dir='ltr'>ut</span> <span class='ocrx_word' id='word_1_784' title='bbox 1720 413 1917 448; x_wconf 73' lang='lat' dir='ltr'>piaemittitur,</span> <span class='ocrx_word' id='word_1_785' title='bbox 1935 412 2072 447; x_wconf 73' lang='lat' dir='ltr'>expellere</span> <span class='ocrx_word' id='word_1_786' title='bbox 2088 412 2262 450; x_wconf 80' lang='lat' dir='ltr'>volentibus,</span> <span class='ocrx_word' id='word_1_787' title='bbox 2282 415 2334 444; x_wconf 85' lang='lat' dir='ltr'>viis</span> 
     </span>
     <span class='ocr_line' id='line_1_119' title="bbox 1269 446 2073 487; baseline 0 -9"><span class='ocrx_word' id='word_1_788' title='bbox 1269 448 1304 478; x_wconf 89' lang='lat'>&amp;</span> <span class='ocrx_word' id='word_1_789' title='bbox 1320 446 1427 484; x_wconf 78' lang='lat' dir='ltr'>modis,</span> <span class='ocrx_word' id='word_1_790' title='bbox 1445 448 1548 485; x_wconf 86' lang='lat' dir='ltr'>quibus</span> <span class='ocrx_word' id='word_1_791' title='bbox 1561 449 1693 485; x_wconf 79' lang='lat' dir='ltr'>expedire</span> <span class='ocrx_word' id='word_1_792' title='bbox 1707 449 1849 487; x_wconf 83' lang='lat' dir='ltr'>videritis,</span> <span class='ocrx_word' id='word_1_793' title='bbox 1868 449 2073 487; x_wconf 57' lang='lat' dir='ltr'>resistendum,</span> 
     </span>
    </p>

    <p class='ocr_par' dir='ltr' id='par_1_39' title="bbox 1269 481 2336 563">
     <span class='ocr_line' id='line_1_120' title="bbox 1308 481 2336 526; baseline 0.006 -12"><span class='ocrx_word' id='word_1_794' title='bbox 1308 483 1346 514; x_wconf 90' lang='lat' dir='ltr'>Et</span> <span class='ocrx_word' id='word_1_795' title='bbox 1360 485 1428 516; x_wconf 86' lang='lat' dir='ltr'>ideo</span> <span class='ocrx_word' id='word_1_796' title='bbox 1442 485 1524 515; x_wconf 88' lang='lat' dir='ltr'>vobis</span> <span class='ocrx_word' id='word_1_797' title='bbox 1541 481 1714 516; x_wconf 86' lang='lat' dir='ltr'>Mandamus</span> <span class='ocrx_word' id='word_1_798' title='bbox 1730 487 1810 525; x_wconf 83' lang='lat' dir='ltr'>quod</span> <span class='ocrx_word' id='word_1_799' title='bbox 1823 489 1897 518; x_wconf 82' lang='lat' dir='ltr'>circa</span> <span class='ocrx_word' id='word_1_800' title='bbox 1911 485 2056 518; x_wconf 65' lang='lat' dir='ltr'>Praeminti</span> <span class='ocrx_word' id='word_1_801' title='bbox 2077 487 2223 526; x_wconf 80' lang='lat' dir='ltr'>diligenter</span> <span class='ocrx_word' id='word_1_802' title='bbox 2243 487 2276 520; x_wconf 74' lang='grc' dir='ltr'>δε</span> <span class='ocrx_word' id='word_1_803' title='bbox 2291 490 2336 520; x_wconf 78' lang='lat' dir='ltr'>ei-</span> 
     </span>
     <span class='ocr_line' id='line_1_121' title="bbox 1269 521 1867 563; baseline 0.007 -10"><span class='ocrx_word' id='word_1_804' title='bbox 1269 521 1391 553; x_wconf 84' lang='lat' dir='ltr'>ficaciter</span> <span class='ocrx_word' id='word_1_805' title='bbox 1403 522 1549 553; x_wconf 83' lang='lat' dir='ltr'>intendatis</span> <span class='ocrx_word' id='word_1_806' title='bbox 1563 524 1592 552; x_wconf 93' lang='lat' dir='ltr'>in</span> <span class='ocrx_word' id='word_1_807' title='bbox 1608 524 1700 553; x_wconf 87' lang='lat' dir='ltr'>forma</span> <span class='ocrx_word' id='word_1_808' title='bbox 1718 526 1867 563; x_wconf 64' lang='lat' dir='ltr'>piaedksta,</span> 
     </span>
    </p>

    <p class='ocr_par' dir='ltr' id='par_1_40' title="bbox 1271 558 2337 642">
     <span class='ocr_line' id='line_1_122' title="bbox 1309 558 2337 602; baseline 0.004 -11"><span class='ocrx_word' id='word_1_809' title='bbox 1309 561 1378 591; x_wconf 82' lang='lat' dir='ltr'>Aliis</span> <span class='ocrx_word' id='word_1_810' title='bbox 1399 561 1457 592; x_wconf 87' lang='lat' dir='ltr'>insu</span> <span class='ocrx_word' id='word_1_811' title='bbox 1479 571 1510 591; x_wconf 86' lang='lat' dir='ltr'>er</span> <span class='ocrx_word' id='word_1_812' title='bbox 1525 583 1535 598; x_wconf 88' lang='lat'>,</span> <span class='ocrx_word' id='word_1_813' title='bbox 1562 563 1610 598; x_wconf 88' lang='lat' dir='ltr'>qui</span> <span class='ocrx_word' id='word_1_814' title='bbox 1631 562 1656 592; x_wconf 88' lang='lat' dir='ltr'>se</span> <span class='ocrx_word' id='word_1_815' title='bbox 1677 563 1798 593; x_wconf 81' lang='lat' dir='ltr'>afferunt</span> <span class='ocrx_word' id='word_1_816' title='bbox 1811 564 1862 602; x_wconf 89' lang='lat' dir='ltr'>Jus</span> <span class='ocrx_word' id='word_1_817' title='bbox 1877 564 1978 593; x_wconf 85' lang='lat' dir='ltr'>habere</span> <span class='ocrx_word' id='word_1_818' title='bbox 1993 565 2023 593; x_wconf 78' lang='lat' dir='ltr'>in</span> <span class='ocrx_word' id='word_1_819' title='bbox 2037 558 2275 595; x_wconf 74' lang='lat' dir='ltr'>Archidiaconatu</span> <span class='ocrx_word' id='word_1_820' title='bbox 2289 565 2337 596; x_wconf 56' lang='lat' dir='ltr'>suo</span> 
     </span>
     <span class='ocr_line' id='line_1_123' title="bbox 1271 598 2336 642; baseline 0.006 -14"><span class='ocrx_word' id='word_1_821' title='bbox 1271 599 1402 637; x_wconf 68' lang='grc' dir='ltr'>ρ’τέιάίξὶό</span> <span class='ocrx_word' id='word_1_822' title='bbox 1417 622 1427 638; x_wconf 82' lang='grc'>,</span> <span class='ocrx_word' id='word_1_823' title='bbox 1456 611 1465 629; x_wconf 87' lang='grc' dir='ltr'><strong><em>ι</em></strong></span> <span class='ocrx_word' id='word_1_824' title='bbox 1481 601 1530 637; x_wconf 82' lang='lat' dir='ltr'>qui</span> <span class='ocrx_word' id='word_1_825' title='bbox 1545 598 1666 636; x_wconf 86' lang='lat' dir='ltr'>fuerint,</span> <span class='ocrx_word' id='word_1_826' title='bbox 1683 600 1808 631; x_wconf 89' lang='lat' dir='ltr'>dicentes</span> <span class='ocrx_word' id='word_1_827' title='bbox 1822 603 1855 633; x_wconf 91' lang='lat'>&amp;</span> <span class='ocrx_word' id='word_1_828' title='bbox 1869 603 2064 640; x_wconf 75' lang='lat' dir='ltr'>injungentes,</span> <span class='ocrx_word' id='word_1_829' title='bbox 2083 611 2116 631; x_wconf 81' lang='lat' dir='ltr'>ex</span> <span class='ocrx_word' id='word_1_830' title='bbox 2131 612 2207 639; x_wconf 82' lang='lat' dir='ltr'>parte</span> <span class='ocrx_word' id='word_1_831' title='bbox 2221 604 2336 642; x_wconf 72' lang='lat' dir='ltr'>nostra,</span> 
     </span>
    </p>
   </div>
   <div class='ocr_carea' id='block_1_26' title="bbox 1271 637 2333 715">
    <p class='ocr_par' dir='ltr' id='par_1_41' title="bbox 1271 637 2333 715">
     <span class='ocr_line' id='line_1_124' title="bbox 1271 637 2333 680; baseline 0.004 -12"><span class='ocrx_word' id='word_1_832' title='bbox 1271 638 1354 676; x_wconf 85' lang='lat' dir='ltr'>quod</span> <span class='ocrx_word' id='word_1_833' title='bbox 1368 648 1422 676; x_wconf 88' lang='lat' dir='ltr'>pro</span> <span class='ocrx_word' id='word_1_834' title='bbox 1436 639 1649 675; x_wconf 85' lang='lat' dir='ltr'>recuperatione</span> <span class='ocrx_word' id='word_1_835' title='bbox 1661 637 1772 675; x_wconf 88' lang='lat' dir='ltr'>Jurium</span> <span class='ocrx_word' id='word_1_836' title='bbox 1786 639 1918 677; x_wconf 90' lang='lat' dir='ltr'>suorum,</span> <span class='ocrx_word' id='word_1_837' title='bbox 1937 646 1986 677; x_wconf 85' lang='lat' dir='ltr'>per</span> <span class='ocrx_word' id='word_1_838' title='bbox 2001 639 2170 671; x_wconf 83' lang='lat' dir='ltr'>Proceffum</span> <span class='ocrx_word' id='word_1_839' title='bbox 2184 641 2333 680; x_wconf 80' lang='lat' dir='ltr'>debiturn,</span> 
     </span>
     <span class='ocr_line' id='line_1_125' title="bbox 1272 675 1887 715; baseline 0.003 -10"><span class='ocrx_word' id='word_1_840' title='bbox 1272 676 1491 714; x_wconf 87' lang='lat' dir='ltr'>prosequantur,</span> <span class='ocrx_word' id='word_1_841' title='bbox 1509 676 1528 705; x_wconf 85' lang='lat' dir='ltr'>si</span> <span class='ocrx_word' id='word_1_842' title='bbox 1545 675 1595 706; x_wconf 81' lang='lat' dir='ltr'>fibi</span> <span class='ocrx_word' id='word_1_843' title='bbox 1610 675 1731 707; x_wconf 90' lang='lat' dir='ltr'>viderint</span> <span class='ocrx_word' id='word_1_844' title='bbox 1745 678 1887 715; x_wconf 80' lang='lat' dir='ltr'>expedire:</span> 
     </span>
    </p>
   </div>
   <div class='ocr_carea' id='block_1_27' title="bbox 1272 709 2339 984">
    <p class='ocr_par' dir='ltr' id='par_1_42' title="bbox 1272 709 2339 935">
     <span class='ocr_line' id='line_1_126' title="bbox 1310 709 2333 757; baseline 0.004 -14"><span class='ocrx_word' id='word_1_845' title='bbox 1310 713 1421 744; x_wconf 86' lang='lat' dir='ltr'>Damus</span> <span class='ocrx_word' id='word_1_846' title='bbox 1441 722 1534 744; x_wconf 89' lang='lat' dir='ltr'>autem</span> <span class='ocrx_word' id='word_1_847' title='bbox 1556 714 1688 744; x_wconf 84' lang='lat' dir='ltr'>univerfis</span> <span class='ocrx_word' id='word_1_848' title='bbox 1710 715 1743 745; x_wconf 64' lang='grc' dir='ltr'>ὃς</span> <span class='ocrx_word' id='word_1_849' title='bbox 1767 716 1879 752; x_wconf 83' lang='lat' dir='ltr'>singulis</span> <span class='ocrx_word' id='word_1_850' title='bbox 1894 714 1920 745; x_wconf 88' lang='lat' dir='ltr'>V</span> <span class='ocrx_word' id='word_1_851' title='bbox 1924 716 2138 755; x_wconf 83' lang='lat' dir='ltr'>icecomitibus,</span> <span class='ocrx_word' id='word_1_852' title='bbox 2158 709 2333 757; x_wconf 59' lang='lat' dir='ltr'>Majoribus,</span> 
     </span>
     <span class='ocr_line' id='line_1_127' title="bbox 1272 749 2333 795; baseline 0.004 -14"><span class='ocrx_word' id='word_1_853' title='bbox 1272 751 1397 789; x_wconf 85' lang='lat' dir='ltr'>Ballivis,</span> <span class='ocrx_word' id='word_1_854' title='bbox 1417 751 1573 789; x_wconf 86' lang='lat' dir='ltr'>Ministris,</span> <span class='ocrx_word' id='word_1_855' title='bbox 1592 753 1625 782; x_wconf 67' lang='grc' dir='ltr'>ὃς</span> <span class='ocrx_word' id='word_1_856' title='bbox 1645 749 1701 783; x_wconf 79' lang='lat' dir='ltr'>a&#39;liis</span> <span class='ocrx_word' id='word_1_857' title='bbox 1724 754 1877 791; x_wconf 67' lang='lat' dir='ltr'>fidelibus,</span> <span class='ocrx_word' id='word_1_858' title='bbox 1896 753 2037 792; x_wconf 75' lang='lat' dir='ltr'>subditis,</span> <span class='ocrx_word' id='word_1_859' title='bbox 2055 756 2087 785; x_wconf 71' lang='grc' dir='ltr'>δε</span> <span class='ocrx_word' id='word_1_860' title='bbox 2104 756 2200 791; x_wconf 87' lang='lat' dir='ltr'>Ligeis</span> <span class='ocrx_word' id='word_1_861' title='bbox 2214 756 2333 795; x_wconf 84' lang='lat' dir='ltr'>nostris,</span> 
     </span>
     <span class='ocr_line' id='line_1_128' title="bbox 1272 789 2334 831; baseline 0.004 -11"><span class='ocrx_word' id='word_1_862' title='bbox 1272 789 1391 820; x_wconf 87' lang='lat' dir='ltr'>Tenore</span> <span class='ocrx_word' id='word_1_863' title='bbox 1409 789 1592 820; x_wconf 75' lang='lat' dir='ltr'>Praesentium</span> <span class='ocrx_word' id='word_1_864' title='bbox 1607 814 1616 828; x_wconf 87' lang='lat'>‚</span> <span class='ocrx_word' id='word_1_865' title='bbox 1642 789 1758 821; x_wconf 79' lang='lat' dir='ltr'>firmiter</span> <span class='ocrx_word' id='word_1_866' title='bbox 1780 793 1807 821; x_wconf 90' lang='lat' dir='ltr'>in</span> <span class='ocrx_word' id='word_1_867' title='bbox 1826 792 1982 829; x_wconf 76' lang='lat' dir='ltr'>Mandatis,</span> <span class='ocrx_word' id='word_1_868' title='bbox 2001 793 2081 829; x_wconf 78' lang='lat' dir='ltr'>qnod</span> <span class='ocrx_word' id='word_1_869' title='bbox 2094 795 2192 831; x_wconf 83' lang='lat' dir='ltr'>vobis,</span> <span class='ocrx_word' id='word_1_870' title='bbox 2209 796 2238 824; x_wconf 89' lang='lat' dir='ltr'>in</span> <span class='ocrx_word' id='word_1_871' title='bbox 2257 794 2334 824; x_wconf 59' lang='lat' dir='ltr'>Prae-</span> 
     </span>
     <span class='ocr_line' id='line_1_129' title="bbox 1274 827 2332 872; baseline 0.007 -16"><span class='ocrx_word' id='word_1_872' title='bbox 1274 827 1361 857; x_wconf 80' lang='lat' dir='ltr'>missis</span> <span class='ocrx_word' id='word_1_873' title='bbox 1383 827 1516 857; x_wconf 87' lang='lat' dir='ltr'>faciendis</span> <span class='ocrx_word' id='word_1_874' title='bbox 1531 851 1541 865; x_wconf 92' lang='lat'>,</span> <span class='ocrx_word' id='word_1_875' title='bbox 1567 827 1745 859; x_wconf 87' lang='lat' dir='ltr'>Intendentes</span> <span class='ocrx_word' id='word_1_876' title='bbox 1771 831 1837 867; x_wconf 79' lang='lat' dir='ltr'>lint,</span> <span class='ocrx_word' id='word_1_877' title='bbox 1859 830 2043 860; x_wconf 72' lang='lat' dir='ltr'>Consulemes</span> <span class='ocrx_word' id='word_1_878' title='bbox 2061 854 2070 868; x_wconf 83' lang='lat'>,</span> <span class='ocrx_word' id='word_1_879' title='bbox 2097 833 2129 862; x_wconf 74' lang='grc' dir='ltr'>ὃς</span> <span class='ocrx_word' id='word_1_880' title='bbox 2144 832 2332 872; x_wconf 77' lang='lat' dir='ltr'>AuxilianteS,</span> 
     </span>
     <span class='ocr_line' id='line_1_130' title="bbox 1273 866 2339 935; baseline 0.005 -40"><span class='ocrx_word' id='word_1_881' title='bbox 1273 876 1358 934; x_wconf 57' lang='lat' dir='ltr'>prefut</span> <span class='ocrx_word' id='word_1_882' title='bbox 1375 867 1413 909; x_wconf 81' lang='lat' dir='ltr'>eis</span> <span class='ocrx_word' id='word_1_883' title='bbox 1427 866 1508 935; x_wconf 46' lang='lat' dir='ltr'>sarge</span> <span class='ocrx_word' id='word_1_884' title='bbox 1507 866 1627 896; x_wconf 86' lang='lat' dir='ltr'>feceritis</span> <span class='ocrx_word' id='word_1_885' title='bbox 1642 868 1688 898; x_wconf 90' lang='lat' dir='ltr'>vel</span> <span class='ocrx_word' id='word_1_886' title='bbox 1703 869 1874 906; x_wconf 81' lang='lat' dir='ltr'>injunxeritis</span> <span class='ocrx_word' id='word_1_887' title='bbox 1891 878 1924 898; x_wconf 88' lang='lat' dir='ltr'>ex</span> <span class='ocrx_word' id='word_1_888' title='bbox 1940 878 2016 906; x_wconf 69' lang='lat' dir='ltr'>parte</span> <span class='ocrx_word' id='word_1_889' title='bbox 2030 868 2136 900; x_wconf 69' lang='lat' dir='ltr'>nostra.</span> <span class='ocrx_word' id='word_1_890' title='bbox 2338 869 2339 872; x_wconf 69' lang='grc'>’</span> 
     </span>
    </p>

    <p class='ocr_par' dir='ltr' id='par_1_43' title="bbox 1328 914 2099 984">
     <span class='ocr_line' id='line_1_131' title="bbox 1328 914 1537 942; baseline 0.005 -9"><span class='ocrx_word' id='word_1_891' title='bbox 1328 914 1345 933; x_wconf 94' lang='lat' dir='ltr'>n</span> <span class='ocrx_word' id='word_1_892' title='bbox 1360 914 1438 941; x_wconf 70' lang='lat' dir='ltr'>cuius</span> <span class='ocrx_word' id='word_1_893' title='bbox 1447 926 1457 942; x_wconf 86' lang='grc'>,</span> <span class='ocrx_word' id='word_1_894' title='bbox 1510 914 1537 934; x_wconf 91' lang='lat' dir='ltr'>c.</span> 
     </span>
     <span class='ocr_line' id='line_1_132' title="bbox 1348 941 2099 984; baseline 0.004 -11"><span class='ocrx_word' id='word_1_895' title='bbox 1348 942 1436 973; x_wconf 82' lang='lat' dir='ltr'>Teste</span> <span class='ocrx_word' id='word_1_896' title='bbox 1452 942 1538 982; x_wconf 82' lang='lat' dir='ltr'>Rege</span> <span class='ocrx_word' id='word_1_897' title='bbox 1550 941 1625 981; x_wconf 77' lang='lat' dir='ltr'>apud</span> <span class='ocrx_word' id='word_1_898' title='bbox 1639 942 1775 975; x_wconf 90' lang='lat' dir='ltr'>London.</span> <span class='ocrx_word' id='word_1_899' title='bbox 1793 943 1949 976; x_wconf 90' lang='lat' dir='ltr'>undecimo</span> <span class='ocrx_word' id='word_1_900' title='bbox 1964 944 2010 975; x_wconf 90' lang='lat' dir='ltr'>die</span> <span class='ocrx_word' id='word_1_901' title='bbox 2022 944 2099 984; x_wconf 83' lang='lat' dir='ltr'>Julii.</span> 
     </span>
    </p>
   </div>
   <div class='ocr_carea' id='block_1_28' title="bbox 2355 221 2462 290">
    <p class='ocr_par' dir='ltr' id='par_1_44' title="bbox 2355 221 2462 290">
     <span class='ocr_line' id='line_1_133' title="bbox 2378 221 2462 260; baseline -0.012 -10"><span class='ocrx_word' id='word_1_902' title='bbox 2378 221 2462 260; x_wconf 81' lang='lat'>1381.</span> 
     </span>
     <span class='ocr_line' id='line_1_134' title="bbox 2355 267 2454 290; baseline 0 -1"><span class='ocrx_word' id='word_1_903' title='bbox 2355 267 2406 290; x_wconf 80' lang='lat' dir='ltr'>th-</span> <span class='ocrx_word' id='word_1_904' title='bbox 2428 271 2454 289; x_wconf 62' lang='lat'>2,</span> 
     </span>
    </p>
   </div>
   <div class='ocr_carea' id='block_1_29' title="bbox 1967 1019 2235 1062">
    <p class='ocr_par' dir='ltr' id='par_1_45' title="bbox 1967 1019 2235 1062">
     <span class='ocr_line' id='line_1_135' title="bbox 1967 1019 2235 1062; baseline 0 -10"><span class='ocrx_word' id='word_1_905' title='bbox 1967 1023 2020 1052; x_wconf 81' lang='lat' dir='ltr'>Per</span> <span class='ocrx_word' id='word_1_906' title='bbox 2033 1022 2114 1062; x_wconf 69' lang='lat' dir='ltr'>ipfitm</span> <span class='ocrx_word' id='word_1_907' title='bbox 2129 1019 2235 1060; x_wconf 74' lang='lat' dir='ltr'>Regem.</span> 
     </span>
    </p>
   </div>
   <div class='ocr_carea' id='block_1_30' title="bbox 1488 1134 2119 1195">
    <p class='ocr_par' dir='ltr' id='par_1_46' title="bbox 1488 1134 2119 1195">
     <span class='ocr_line' id='line_1_136' title="bbox 1488 1134 2119 1195; baseline 0.003 -17"><span class='ocrx_word' id='word_1_908' title='bbox 1488 1140 1538 1178; x_wconf 86' lang='lat' dir='ltr'>De</span> <span class='ocrx_word' id='word_1_909' title='bbox 1555 1143 1707 1191; x_wconf 83' lang='lat' dir='ltr'>Hostagiis</span> <span class='ocrx_word' id='word_1_910' title='bbox 1719 1155 1774 1190; x_wconf 88' lang='lat' dir='ltr'>pro</span> <span class='ocrx_word' id='word_1_911' title='bbox 1794 1145 1919 1179; x_wconf 78' lang='lat' dir='ltr'>Olivero</span> <span class='ocrx_word' id='word_1_912' title='bbox 1936 1143 1971 1178; x_wconf 82' lang='lat' dir='ltr'>de</span> <span class='ocrx_word' id='word_1_913' title='bbox 1992 1134 2119 1195; x_wconf 63' lang='lat' dir='ltr'>Clrykin.</span> 
     </span>
    </p>
   </div>
   <div class='ocr_carea' id='block_1_31' title="bbox 2362 1217 2495 1444">
    <p class='ocr_par' dir='ltr' id='par_1_47' title="bbox 2362 1217 2495 1444">
     <span class='ocr_line' id='line_1_137' title="bbox 2362 1217 2487 1249; baseline -0.016 0"><span class='ocrx_word' id='word_1_914' title='bbox 2362 1217 2487 1249; x_wconf 72' lang='lat' dir='ltr'>AnnD,</span> 
     </span>
     <span class='ocr_line' id='line_1_138' title="bbox 2384 1262 2467 1297; baseline 0.036 -10"><span class='ocrx_word' id='word_1_915' title='bbox 2384 1262 2467 1297; x_wconf 79' lang='lat'>1381.</span> 
     </span>
     <span class='ocr_line' id='line_1_139' title="bbox 2363 1302 2457 1331; baseline 0.032 -8"><span class='ocrx_word' id='word_1_916' title='bbox 2363 1302 2413 1324; x_wconf 82' lang='lat' dir='ltr'>An.</span> <span class='ocrx_word' id='word_1_917' title='bbox 2432 1309 2457 1331; x_wconf 82' lang='lat'>5.</span> 
     </span>
     <span class='ocr_line' id='line_1_140' title="bbox 2362 1341 2439 1363; baseline 0 -1"><span class='ocrx_word' id='word_1_918' title='bbox 2362 1341 2390 1362; x_wconf 74' lang='lat' dir='ltr'>R.</span> <span class='ocrx_word' id='word_1_919' title='bbox 2413 1347 2439 1363; x_wconf 88' lang='lat'>2.</span> 
     </span>
     <span class='ocr_line' id='line_1_141' title="bbox 2362 1378 2495 1411; baseline 0.008 -11"><span class='ocrx_word' id='word_1_920' title='bbox 2362 1378 2446 1402; x_wconf 79' lang='lat' dir='ltr'>Franc.</span> <span class='ocrx_word' id='word_1_921' title='bbox 2466 1386 2495 1411; x_wconf 59' lang='lat'>5¹„</span> 
     </span>
     <span class='ocr_line' id='line_1_142' title="bbox 2362 1417 2492 1444; baseline 0.023 -3"><span class='ocrx_word' id='word_1_922' title='bbox 2362 1417 2390 1438; x_wconf 77' lang='lat' dir='ltr'>R-</span> <span class='ocrx_word' id='word_1_923' title='bbox 2414 1425 2439 1443; x_wconf 91' lang='lat'>2.</span> <span class='ocrx_word' id='word_1_924' title='bbox 2457 1426 2492 1444; x_wconf 66' lang='lat' dir='ltr'>ms</span> 
     </span>
    </p>
   </div>
   <div class='ocr_carea' id='block_1_32' title="bbox 2369 1460 2410 1486">
    <p class='ocr_par' dir='ltr' id='par_1_48' title="bbox 2369 1460 2410 1486">
     <span class='ocr_line' id='line_1_143' title="bbox 2369 1460 2410 1486; baseline 0 -10"><span class='ocrx_word' id='word_1_925' title='bbox 2369 1460 2410 1486; x_wconf 74' lang='lat'>15.</span> 
     </span>
    </p>
   </div>
   <div class='ocr_carea' id='block_1_33' title="bbox 1276 1226 2345 1923">
    <p class='ocr_par' dir='ltr' id='par_1_49' title="bbox 1276 1226 2334 1285">
     <span class='ocr_line' id='line_1_144' title="bbox 1276 1226 2334 1285; baseline 0.005 -27"><span class='ocrx_word' id='word_1_926' title='bbox 1276 1226 1402 1285; x_wconf 78' lang='lat' dir='ltr'>REX</span> <span class='ocrx_word' id='word_1_927' title='bbox 1416 1253 1426 1267; x_wconf 80' lang='lat'><em>‚</em></span> <span class='ocrx_word' id='word_1_928' title='bbox 1444 1239 1494 1269; x_wconf 87' lang='lat' dir='ltr'>per</span> <span class='ocrx_word' id='word_1_929' title='bbox 1519 1228 1624 1259; x_wconf 68' lang='lat' dir='ltr'>Literas</span> <span class='ocrx_word' id='word_1_930' title='bbox 1643 1228 1699 1259; x_wconf 85' lang='lat' dir='ltr'>suas</span> <span class='ocrx_word' id='word_1_931' title='bbox 1722 1227 1851 1260; x_wconf 87' lang='lat' dir='ltr'>Parentes</span> <span class='ocrx_word' id='word_1_932' title='bbox 1865 1252 1874 1267; x_wconf 89' lang='lat'>,</span> <span class='ocrx_word' id='word_1_933' title='bbox 1899 1230 1986 1268; x_wconf 89' lang='lat' dir='ltr'>usque</span> <span class='ocrx_word' id='word_1_934' title='bbox 2008 1231 2041 1261; x_wconf 92' lang='lat' dir='ltr'>ad</span> <span class='ocrx_word' id='word_1_935' title='bbox 2066 1230 2180 1262; x_wconf 87' lang='lat' dir='ltr'>Festum</span> <span class='ocrx_word' id='word_1_936' title='bbox 2201 1230 2334 1272; x_wconf 65' lang='lat' dir='ltr'>Paschae,</span> 
     </span>
    </p>

    <p class='ocr_par' dir='ltr' id='par_1_50' title="bbox 1276 1267 2344 1795">
     <span class='ocr_line' id='line_1_145' title="bbox 1350 1267 2333 1306; baseline 0.004 -9"><span class='ocrx_word' id='word_1_937' title='bbox 1350 1269 1483 1305; x_wconf 82' lang='lat' dir='ltr'>proximo</span> <span class='ocrx_word' id='word_1_938' title='bbox 1498 1267 1643 1304; x_wconf 82' lang='lat' dir='ltr'>futurum,</span> <span class='ocrx_word' id='word_1_939' title='bbox 1661 1267 1803 1298; x_wconf 88' lang='lat' dir='ltr'>duraturas</span> <span class='ocrx_word' id='word_1_940' title='bbox 1816 1292 1825 1305; x_wconf 91' lang='lat'>,</span> <span class='ocrx_word' id='word_1_941' title='bbox 1853 1269 1968 1306; x_wconf 88' lang='lat' dir='ltr'>suscepit</span> <span class='ocrx_word' id='word_1_942' title='bbox 1989 1270 2016 1298; x_wconf 92' lang='lat' dir='ltr'>in</span> <span class='ocrx_word' id='word_1_943' title='bbox 2032 1270 2139 1300; x_wconf 88' lang='lat' dir='ltr'>salvum</span> <span class='ocrx_word' id='word_1_944' title='bbox 2156 1271 2189 1300; x_wconf 89' lang='lat'>&amp;</span> <span class='ocrx_word' id='word_1_945' title='bbox 2204 1271 2333 1302; x_wconf 85' lang='lat' dir='ltr'>securum</span> 
     </span>
     <span class='ocr_line' id='line_1_146' title="bbox 1276 1302 2336 1346; baseline 0.007 -13"><span class='ocrx_word' id='word_1_946' title='bbox 1276 1302 1467 1336; x_wconf 70' lang='lat' dir='ltr'>Condustum</span> <span class='ocrx_word' id='word_1_947' title='bbox 1482 1305 1588 1342; x_wconf 83' lang='lat' dir='ltr'>Regis,</span> <span class='ocrx_word' id='word_1_948' title='bbox 1606 1315 1638 1336; x_wconf 88' lang='lat' dir='ltr'>ac</span> <span class='ocrx_word' id='word_1_949' title='bbox 1654 1307 1682 1335; x_wconf 92' lang='lat' dir='ltr'>in</span> <span class='ocrx_word' id='word_1_950' title='bbox 1698 1305 1914 1337; x_wconf 67' lang='lat' dir='ltr'>Proteffionem</span> <span class='ocrx_word' id='word_1_951' title='bbox 1928 1308 1960 1337; x_wconf 70' lang='grc' dir='ltr'>ὃς</span> <span class='ocrx_word' id='word_1_952' title='bbox 1976 1307 2180 1339; x_wconf 76' lang='lat' dir='ltr'>Defeniionem</span> <span class='ocrx_word' id='word_1_953' title='bbox 2204 1309 2260 1339; x_wconf 74' lang='lat' dir='ltr'>suas</span> <span class='ocrx_word' id='word_1_954' title='bbox 2276 1311 2336 1346; x_wconf 88' lang='lat' dir='ltr'>spe-</span> 
     </span>
     <span class='ocr_line' id='line_1_147' title="bbox 1276 1342 2338 1386; baseline 0.006 -14"><span class='ocrx_word' id='word_1_955' title='bbox 1276 1343 1375 1381; x_wconf 87' lang='lat' dir='ltr'>ciales,</span> <span class='ocrx_word' id='word_1_956' title='bbox 1392 1347 1502 1373; x_wconf 73' lang='lat' dir='ltr'>Petrum</span> <span class='ocrx_word' id='word_1_957' title='bbox 1521 1344 1552 1374; x_wconf 83' lang='lat' dir='ltr'>de</span> <span class='ocrx_word' id='word_1_958' title='bbox 1573 1342 1722 1383; x_wconf 83' lang='lat' dir='ltr'>Vandusme</span> <span class='ocrx_word' id='word_1_959' title='bbox 1743 1343 1868 1375; x_wconf 85' lang='lat' dir='ltr'>Fratrem</span> <span class='ocrx_word' id='word_1_960' title='bbox 1888 1345 2028 1383; x_wconf 82' lang='lat' dir='ltr'>Johannis</span> <span class='ocrx_word' id='word_1_961' title='bbox 2040 1347 2072 1377; x_wconf 91' lang='lat' dir='ltr'>de</span> <span class='ocrx_word' id='word_1_962' title='bbox 2088 1348 2251 1386; x_wconf 77' lang='lat' dir='ltr'>Vandusme,</span> <span class='ocrx_word' id='word_1_963' title='bbox 2270 1347 2338 1378; x_wconf 68' lang='lat' dir='ltr'>Do-&#39;</span> 
     </span>
     <span class='ocr_line' id='line_1_148' title="bbox 1277 1381 2336 1423; baseline 0.005 -13"><span class='ocrx_word' id='word_1_964' title='bbox 1277 1382 1349 1411; x_wconf 89' lang='lat' dir='ltr'>mini</span> <span class='ocrx_word' id='word_1_965' title='bbox 1364 1382 1399 1412; x_wconf 91' lang='lat' dir='ltr'>de</span> <span class='ocrx_word' id='word_1_966' title='bbox 1416 1383 1506 1413; x_wconf 92' lang='lat' dir='ltr'>Foilet</span> <span class='ocrx_word' id='word_1_967' title='bbox 1543 1381 1702 1420; x_wconf 83' lang='lat' dir='ltr'>Johannem</span> <span class='ocrx_word' id='word_1_968' title='bbox 1713 1383 1745 1411; x_wconf 84' lang='lat' dir='ltr'>de</span> <span class='ocrx_word' id='word_1_969' title='bbox 1759 1386 1909 1413; x_wconf 82' lang='lat' dir='ltr'>Beaumont</span> <span class='ocrx_word' id='word_1_970' title='bbox 1924 1383 2057 1415; x_wconf 85' lang='lat' dir='ltr'>Chivaler</span> <span class='ocrx_word' id='word_1_971' title='bbox 2073 1409 2082 1423; x_wconf 90' lang='lat'>‚</span> <span class='ocrx_word' id='word_1_972' title='bbox 2102 1386 2227 1416; x_wconf 79' lang='lat' dir='ltr'>Fratrem</span> <span class='ocrx_word' id='word_1_973' title='bbox 2244 1386 2336 1416; x_wconf 83' lang='lat' dir='ltr'>Alani</span> 
     </span>
     <span class='ocr_line' id='line_1_149' title="bbox 1277 1405 2343 1463; baseline 0.006 -15"><span class='ocrx_word' id='word_1_974' title='bbox 1277 1419 1310 1447; x_wconf 82' lang='lat' dir='ltr'>de</span> <span class='ocrx_word' id='word_1_975' title='bbox 1324 1423 1492 1458; x_wconf 78' lang='lat' dir='ltr'>Beaumont‚</span> <span class='ocrx_word' id='word_1_976' title='bbox 1510 1405 1634 1450; x_wconf 60' lang='lat' dir='ltr'>bomini</span> <span class='ocrx_word' id='word_1_977' title='bbox 1654 1422 1689 1450; x_wconf 89' lang='lat' dir='ltr'>de</span> <span class='ocrx_word' id='word_1_978' title='bbox 1712 1421 1798 1460; x_wconf 85' lang='lat' dir='ltr'>Seynt</span> <span class='ocrx_word' id='word_1_979' title='bbox 1824 1421 1926 1452; x_wconf 83' lang='lat' dir='ltr'>Nome</span> <span class='ocrx_word' id='word_1_980' title='bbox 1940 1445 1949 1460; x_wconf 85' lang='lat'>‚</span> <span class='ocrx_word' id='word_1_981' title='bbox 1966 1424 1998 1453; x_wconf 71' lang='grc' dir='ltr'>δε</span> <span class='ocrx_word' id='word_1_982' title='bbox 2015 1425 2200 1454; x_wconf 81' lang='lat' dir='ltr'>Bertrandum</span> <span class='ocrx_word' id='word_1_983' title='bbox 2215 1425 2246 1453; x_wconf 86' lang='lat' dir='ltr'>de</span> <span class='ocrx_word' id='word_1_984' title='bbox 2261 1425 2343 1463; x_wconf 58' lang='lat' dir='ltr'>Cley»</span> 
     </span>
     <span class='ocr_line' id='line_1_150' title="bbox 1278 1457 2337 1501; baseline 0.007 -15"><span class='ocrx_word' id='word_1_985' title='bbox 1278 1457 1330 1496; x_wconf 83' lang='lat' dir='ltr'>kyn</span> <span class='ocrx_word' id='word_1_986' title='bbox 1351 1459 1452 1489; x_wconf 87' lang='lat' dir='ltr'>Filium</span> <span class='ocrx_word' id='word_1_987' title='bbox 1471 1457 1579 1488; x_wconf 65' lang='lat' dir='ltr'>Olzveri</span> <span class='ocrx_word' id='word_1_988' title='bbox 1601 1459 1632 1487; x_wconf 84' lang='lat' dir='ltr'>de</span> <span class='ocrx_word' id='word_1_989' title='bbox 1655 1459 1766 1498; x_wconf 69' lang='lat' dir='ltr'>cleykyn</span> <span class='ocrx_word' id='word_1_990' title='bbox 1786 1459 1919 1490; x_wconf 85' lang='lat' dir='ltr'>Chivaler</span> <span class='ocrx_word' id='word_1_991' title='bbox 1942 1460 2065 1491; x_wconf 89' lang='lat' dir='ltr'>Domini</span> <span class='ocrx_word' id='word_1_992' title='bbox 2088 1463 2124 1492; x_wconf 88' lang='lat' dir='ltr'>de</span> <span class='ocrx_word' id='word_1_993' title='bbox 2148 1464 2171 1492; x_wconf 72' lang='lat' dir='ltr'>la</span> <span class='ocrx_word' id='word_1_994' title='bbox 2188 1461 2337 1501; x_wconf 77' lang='lat' dir='ltr'>Monere,</span> 
     </span>
     <span class='ocr_line' id='line_1_151' title="bbox 1280 1497 2339 1540; baseline 0.007 -15"><span class='ocrx_word' id='word_1_995' title='bbox 1280 1497 1424 1526; x_wconf 90' lang='lat' dir='ltr'>veniendo</span> <span class='ocrx_word' id='word_1_996' title='bbox 1438 1516 1448 1535; x_wconf 82' lang='lat'>‚-</span> <span class='ocrx_word' id='word_1_997' title='bbox 1473 1506 1540 1526; x_wconf 90' lang='lat' dir='ltr'>cum</span> <span class='ocrx_word' id='word_1_998' title='bbox 1561 1497 1667 1526; x_wconf 81' lang='lat' dir='ltr'>Tribus</span> <span class='ocrx_word' id='word_1_999' title='bbox 1688 1498 1841 1533; x_wconf 83' lang='lat' dir='ltr'>Armigeris</span> <span class='ocrx_word' id='word_1_1000' title='bbox 1857 1522 1866 1535; x_wconf 90' lang='lat'>,</span> <span class='ocrx_word' id='word_1_1001' title='bbox 1891 1500 1924 1529; x_wconf 71' lang='grc' dir='ltr'>ὃς</span> <span class='ocrx_word' id='word_1_1002' title='bbox 1947 1498 2053 1529; x_wconf 76' lang='lat' dir='ltr'>Tribus</span> <span class='ocrx_word' id='word_1_1003' title='bbox 2066 1501 2257 1531; x_wconf 82' lang='lat' dir='ltr'>Servientibus</span> <span class='ocrx_word' id='word_1_1004' title='bbox 2271 1502 2339 1540; x_wconf 57' lang='lat' dir='ltr'>sun,</span> 
     </span>
     <span class='ocr_line' id='line_1_152' title="bbox 1281 1533 2340 1577; baseline 0.006 -13"><span class='ocrx_word' id='word_1_1005' title='bbox 1281 1544 1330 1572; x_wconf 88' lang='lat' dir='ltr'>per</span> <span class='ocrx_word' id='word_1_1006' title='bbox 1353 1534 1491 1574; x_wconf 78' lang='lat' dir='ltr'>Regnum</span> <span class='ocrx_word' id='word_1_1007' title='bbox 1505 1559 1514 1572; x_wconf 83' lang='lat'>,</span> <span class='ocrx_word' id='word_1_1008' title='bbox 1541 1533 1718 1565; x_wconf 90' lang='lat' dir='ltr'>Dominium</span> <span class='ocrx_word' id='word_1_1009' title='bbox 1734 1559 1743 1572; x_wconf 93' lang='lat'>,</span> <span class='ocrx_word' id='word_1_1010' title='bbox 1761 1537 1793 1566; x_wconf 66' lang='grc' dir='ltr'>ὃς</span> <span class='ocrx_word' id='word_1_1011' title='bbox 1810 1536 1982 1566; x_wconf 85' lang='lat' dir='ltr'>Porestatem</span> <span class='ocrx_word' id='word_1_1012' title='bbox 2000 1538 2108 1577; x_wconf 66' lang='lat' dir='ltr'>Regis,</span> <span class='ocrx_word' id='word_1_1013' title='bbox 2128 1540 2185 1568; x_wconf 73' lang='lat' dir='ltr'>tam</span> <span class='ocrx_word' id='word_1_1014' title='bbox 2201 1549 2249 1576; x_wconf 89' lang='lat' dir='ltr'>per</span> <span class='ocrx_word' id='word_1_1015' title='bbox 2274 1542 2340 1570; x_wconf 68' lang='lat' dir='ltr'>ser-</span> 
     </span>
     <span class='ocr_line' id='line_1_153' title="bbox 1281 1572 2340 1614; baseline 0.005 -11"><span class='ocrx_word' id='word_1_1016' title='bbox 1281 1581 1362 1612; x_wconf 84' lang='lat' dir='ltr'>ram,</span> <span class='ocrx_word' id='word_1_1017' title='bbox 1380 1575 1467 1611; x_wconf 66' lang='lat' dir='ltr'>quam</span> <span class='ocrx_word' id='word_1_1018' title='bbox 1486 1583 1534 1610; x_wconf 87' lang='lat' dir='ltr'>per</span> <span class='ocrx_word' id='word_1_1019' title='bbox 1552 1572 1649 1610; x_wconf 78' lang='lat' dir='ltr'>Mare,</span> <span class='ocrx_word' id='word_1_1020' title='bbox 1668 1573 1752 1610; x_wconf 89' lang='lat' dir='ltr'>usque</span> <span class='ocrx_word' id='word_1_1021' title='bbox 1767 1574 1800 1603; x_wconf 90' lang='lat' dir='ltr'>ad</span> <span class='ocrx_word' id='word_1_1022' title='bbox 1816 1574 1917 1604; x_wconf 85' lang='lat' dir='ltr'>Villam</span> <span class='ocrx_word' id='word_1_1023' title='bbox 1933 1575 2050 1614; x_wconf 78' lang='lat' dir='ltr'>Caleni,</span> <span class='ocrx_word' id='word_1_1024' title='bbox 2066 1577 2098 1606; x_wconf 88' lang='lat'>&amp;</span> <span class='ocrx_word' id='word_1_1025' title='bbox 2115 1578 2142 1606; x_wconf 89' lang='lat' dir='ltr'>in</span> <span class='ocrx_word' id='word_1_1026' title='bbox 2157 1578 2254 1607; x_wconf 74' lang='lat' dir='ltr'>eadem</span> <span class='ocrx_word' id='word_1_1027' title='bbox 2265 1578 2340 1609; x_wconf 81' lang='lat' dir='ltr'>Villa</span> 
     </span>
     <span class='ocr_line' id='line_1_154' title="bbox 1283 1610 2339 1650; baseline 0.005 -9"><span class='ocrx_word' id='word_1_1028' title='bbox 1283 1613 1422 1642; x_wconf 84' lang='lat' dir='ltr'>morando</span> <span class='ocrx_word' id='word_1_1029' title='bbox 1436 1636 1446 1650; x_wconf 81' lang='lat'>,</span> <span class='ocrx_word' id='word_1_1030' title='bbox 1472 1613 1500 1641; x_wconf 89' lang='lat' dir='ltr'>in</span> <span class='ocrx_word' id='word_1_1031' title='bbox 1521 1610 1789 1650; x_wconf 86' lang='lat' dir='ltr'>Hostagiamentum</span> <span class='ocrx_word' id='word_1_1032' title='bbox 1809 1622 1861 1649; x_wconf 87' lang='lat' dir='ltr'>pro</span> <span class='ocrx_word' id='word_1_1033' title='bbox 1883 1612 1996 1642; x_wconf 70' lang='lat' dir='ltr'>olivero</span> <span class='ocrx_word' id='word_1_1034' title='bbox 2017 1615 2047 1643; x_wconf 82' lang='lat' dir='ltr'>de</span> <span class='ocrx_word' id='word_1_1035' title='bbox 2070 1614 2182 1649; x_wconf 65' lang='lat' dir='ltr'>Cleikyn</span> <span class='ocrx_word' id='word_1_1036' title='bbox 2205 1616 2339 1647; x_wconf 74' lang='lat' dir='ltr'>Chivaler</span> 
     </span>
     <span class='ocr_line' id='line_1_155' title="bbox 1282 1649 2339 1692; baseline 0.004 -12"><span class='ocrx_word' id='word_1_1037' title='bbox 1282 1649 1445 1681; x_wconf 75' lang='lat' dir='ltr'>Prisouario</span> <span class='ocrx_word' id='word_1_1038' title='bbox 1455 1673 1465 1689; x_wconf 83' lang='lat'>‚</span> <span class='ocrx_word' id='word_1_1039' title='bbox 1489 1650 1520 1679; x_wconf 87' lang='lat' dir='ltr'>de</span> <span class='ocrx_word' id='word_1_1040' title='bbox 1544 1650 1648 1679; x_wconf 82' lang='lat' dir='ltr'>Evecot</span> <span class='ocrx_word' id='word_1_1041' title='bbox 1663 1650 1696 1678; x_wconf 81' lang='lat' dir='ltr'>de</span> <span class='ocrx_word' id='word_1_1042' title='bbox 1709 1649 1793 1686; x_wconf 85' lang='lat' dir='ltr'>Solle,</span> <span class='ocrx_word' id='word_1_1043' title='bbox 1811 1652 1844 1680; x_wconf 89' lang='lat'>&amp;</span> <span class='ocrx_word' id='word_1_1044' title='bbox 1862 1650 1989 1688; x_wconf 78' lang='lat' dir='ltr'>Johanco</span> <span class='ocrx_word' id='word_1_1045' title='bbox 2001 1654 2177 1692; x_wconf 68' lang='lat' dir='ltr'>Daratarffit,</span> <span class='ocrx_word' id='word_1_1046' title='bbox 2194 1655 2227 1683; x_wconf 88' lang='lat'>&amp;</span> <span class='ocrx_word' id='word_1_1047' title='bbox 2244 1655 2279 1683; x_wconf 89' lang='lat' dir='ltr'>ab</span> <span class='ocrx_word' id='word_1_1048' title='bbox 2293 1665 2339 1684; x_wconf 83' lang='lat' dir='ltr'>ea-</span> 
     </span>
     <span class='ocr_line' id='line_1_156' title="bbox 1281 1687 2344 1731; baseline 0.004 -13"><span class='ocrx_word' id='word_1_1049' title='bbox 1281 1688 1348 1718; x_wconf 89' lang='lat' dir='ltr'>dem</span> <span class='ocrx_word' id='word_1_1050' title='bbox 1372 1688 1446 1719; x_wconf 88' lang='lat' dir='ltr'>Villa</span> <span class='ocrx_word' id='word_1_1051' title='bbox 1467 1687 1568 1718; x_wconf 78' lang='lat' dir='ltr'>Calesii</span> <span class='ocrx_word' id='word_1_1052' title='bbox 1583 1712 1592 1725; x_wconf 90' lang='lat'>,</span> <span class='ocrx_word' id='word_1_1053' title='bbox 1617 1688 1701 1725; x_wconf 88' lang='lat' dir='ltr'>usque</span> <span class='ocrx_word' id='word_1_1054' title='bbox 1722 1689 1755 1718; x_wconf 84' lang='lat' dir='ltr'>ad</span> <span class='ocrx_word' id='word_1_1055' title='bbox 1777 1688 1872 1719; x_wconf 80' lang='lat' dir='ltr'>Partes</span> <span class='ocrx_word' id='word_1_1056' title='bbox 1893 1689 1951 1719; x_wconf 71' lang='lat' dir='ltr'>suas</span> <span class='ocrx_word' id='word_1_1057' title='bbox 1967 1700 2020 1726; x_wconf 88' lang='lat' dir='ltr'>pro</span> <span class='ocrx_word' id='word_1_1058' title='bbox 2043 1692 2110 1729; x_wconf 72' lang='lat' dir='ltr'>rias,</span> <span class='ocrx_word' id='word_1_1059' title='bbox 2130 1702 2178 1729; x_wconf 89' lang='lat' dir='ltr'>per</span> <span class='ocrx_word' id='word_1_1060' title='bbox 2191 1693 2344 1731; x_wconf 83' lang='lat' dir='ltr'>Regnum,</span> 
     </span>
     <span class='ocr_line' id='line_1_157' title="bbox 1283 1725 2340 1795; baseline 0.003 -38"><span class='ocrx_word' id='word_1_1061' title='bbox 1283 1725 1459 1795; x_wconf 45' lang='lat' dir='ltr'>gominiurgi</span> <span class='ocrx_word' id='word_1_1062' title='bbox 1482 1728 1526 1795; x_wconf 89' lang='lat' dir='ltr'>&amp;d</span> <span class='ocrx_word' id='word_1_1063' title='bbox 1537 1725 1709 1757; x_wconf 70' lang='lat' dir='ltr'>Potestarem</span> <span class='ocrx_word' id='word_1_1064' title='bbox 1733 1726 1823 1766; x_wconf 86' lang='lat' dir='ltr'>Regis</span> <span class='ocrx_word' id='word_1_1065' title='bbox 1838 1749 1848 1765; x_wconf 86' lang='lat'>,</span> <span class='ocrx_word' id='word_1_1066' title='bbox 1874 1728 1933 1758; x_wconf 69' lang='lat' dir='ltr'>tarn</span> <span class='ocrx_word' id='word_1_1067' title='bbox 1953 1738 2003 1766; x_wconf 87' lang='lat' dir='ltr'>per</span> <span class='ocrx_word' id='word_1_1068' title='bbox 2056 1739 2144 1760; x_wconf 81' lang='lat' dir='ltr'>erratn</span> <span class='ocrx_word' id='word_1_1069' title='bbox 2159 1754 2168 1768; x_wconf 82' lang='lat'>‚</span> <span class='ocrx_word' id='word_1_1070' title='bbox 2188 1731 2273 1767; x_wconf 81' lang='lat' dir='ltr'>quam</span> <span class='ocrx_word' id='word_1_1071' title='bbox 2291 1740 2340 1768; x_wconf 89' lang='lat' dir='ltr'>per</span> 
     </span>
    </p>

    <p class='ocr_par' dir='ltr' id='par_1_51' title="bbox 1279 1775 2345 1882">
     <span class='ocr_line' id='line_1_158' title="bbox 1339 1775 1556 1795; baseline 0 -1"><span class='ocrx_word' id='word_1_1072' title='bbox 1339 1776 1351 1794; x_wconf 91' lang='lat' dir='ltr'>r</span> <span class='ocrx_word' id='word_1_1073' title='bbox 1452 1775 1467 1794; x_wconf 95' lang='lat' dir='ltr'>e</span> <span class='ocrx_word' id='word_1_1074' title='bbox 1527 1775 1556 1795; x_wconf 94' lang='lat' dir='ltr'>o.</span> 
     </span>
     <span class='ocr_line' id='line_1_159' title="bbox 1279 1775 2345 1882; baseline 0.003 -47"><span class='ocrx_word' id='word_1_1075' title='bbox 1279 1842 1298 1882; x_wconf 79' lang='lat' dir='ltr'>J</span> <span class='ocrx_word' id='word_1_1076' title='bbox 1318 1775 1415 1873; x_wconf 54' lang='grc' dir='ltr'>’131ξὲἧέ</span> <span class='ocrx_word' id='word_1_1077' title='bbox 1417 1775 1512 1844; x_wconf 49' lang='grc' dir='ltr'>εΚειέὲ</span> <span class='ocrx_word' id='word_1_1078' title='bbox 1532 1802 1607 1842; x_wconf 83' lang='lat' dir='ltr'>apud</span> <span class='ocrx_word' id='word_1_1079' title='bbox 1630 1803 1734 1836; x_wconf 85' lang='lat' dir='ltr'>Villam</span> <span class='ocrx_word' id='word_1_1080' title='bbox 1749 1802 1786 1834; x_wconf 86' lang='lat' dir='ltr'>de</span> <span class='ocrx_word' id='word_1_1081' title='bbox 1800 1803 1906 1835; x_wconf 60' lang='lat' dir='ltr'>Sandio</span> <span class='ocrx_word' id='word_1_1082' title='bbox 1922 1804 2053 1845; x_wconf 76' lang='lat' dir='ltr'>Albano,</span> <span class='ocrx_word' id='word_1_1083' title='bbox 2071 1806 2187 1837; x_wconf 88' lang='lat' dir='ltr'>decimo</span> <span class='ocrx_word' id='word_1_1084' title='bbox 2199 1809 2283 1838; x_wconf 87' lang='lat' dir='ltr'>tertio</span> <span class='ocrx_word' id='word_1_1085' title='bbox 2299 1808 2345 1838; x_wconf 89' lang='lat' dir='ltr'>die</span> 
     </span>
    </p>

    <p class='ocr_par' dir='ltr' id='par_1_52' title="bbox 1301 1853 2237 1923">
     <span class='ocr_line' id='line_1_160' title="bbox 1301 1853 1356 1874; baseline -0.018 0"><span class='ocrx_word' id='word_1_1086' title='bbox 1301 1853 1319 1874; x_wconf 87' lang='lat' dir='ltr'>u</span> <span class='ocrx_word' id='word_1_1087' title='bbox 1339 1853 1356 1873; x_wconf 87' lang='lat' dir='ltr'>i.</span> 
     </span>
     <span class='ocr_line' id='line_1_161' title="bbox 1970 1883 2237 1923; baseline 0.007 -11"><span class='ocrx_word' id='word_1_1088' title='bbox 1970 1884 2024 1913; x_wconf 87' lang='lat' dir='ltr'>Per</span> <span class='ocrx_word' id='word_1_1089' title='bbox 2037 1883 2119 1923; x_wconf 79' lang='lat' dir='ltr'>ipſscm</span> <span class='ocrx_word' id='word_1_1090' title='bbox 2134 1887 2237 1922; x_wconf 83' lang='lat' dir='ltr'>Regem.</span> 
     </span>
    </p>
   </div>
   <div class='ocr_carea' id='block_1_34' title="bbox 1505 2003 2465 2055">
    <p class='ocr_par' dir='ltr' id='par_1_53' title="bbox 1505 2003 2465 2055">
     <span class='ocr_line' id='line_1_162' title="bbox 1505 2003 2465 2055; baseline 0.006 -16"><span class='ocrx_word' id='word_1_1091' title='bbox 1505 2004 1566 2055; x_wconf 49' lang='grc' dir='ltr'>Ὁ*</span> <span class='ocrx_word' id='word_1_1092' title='bbox 1591 2003 1641 2041; x_wconf 85' lang='lat' dir='ltr'>De</span> <span class='ocrx_word' id='word_1_1093' title='bbox 1660 2005 1850 2051; x_wconf 81' lang='lat' dir='ltr'>Restitutione</span> <span class='ocrx_word' id='word_1_1094' title='bbox 1865 2009 2099 2054; x_wconf 77' lang='lat' dir='ltr'>Temporalinm.</span> <span class='ocrx_word' id='word_1_1095' title='bbox 2369 2026 2385 2044; x_wconf 67' lang='grc' dir='ltr'><strong><em>ο</em></strong></span> <span class='ocrx_word' id='word_1_1096' title='bbox 2397 2027 2465 2055; x_wconf 60' lang='grc' dir='ltr'>νη,</span> 
     </span>
    </p>
   </div>
   <div class='ocr_carea' id='block_1_35' title="bbox 2371 2075 2504 2216">
    <p class='ocr_par' dir='ltr' id='par_1_54' title="bbox 2371 2075 2504 2180">
     <span class='ocr_line' id='line_1_163' title="bbox 2374 2075 2420 2102; baseline 0 -10"><span class='ocrx_word' id='word_1_1097' title='bbox 2374 2075 2420 2102; x_wconf 75' lang='lat'>321</span> 
     </span>
     <span class='ocr_line' id='line_1_164' title="bbox 2371 2103 2504 2134; baseline 0.008 -1"><span class='ocrx_word' id='word_1_1098' title='bbox 2371 2106 2446 2133; x_wconf 72' lang='lat' dir='ltr'>Anii.</span> <span class='ocrx_word' id='word_1_1099' title='bbox 2463 2103 2504 2134; x_wconf 56' lang='lat' dir='ltr'>D&lt;</span> 
     </span>
     <span class='ocr_line' id='line_1_165' title="bbox 2403 2144 2475 2180; baseline -0.014 -8"><span class='ocrx_word' id='word_1_1100' title='bbox 2403 2144 2475 2180; x_wconf 75' lang='lat'>1331</span> 
     </span>
    </p>

    <p class='ocr_par' dir='ltr' id='par_1_55' title="bbox 2371 2185 2466 2216">
     <span class='ocr_line' id='line_1_166' title="bbox 2371 2185 2466 2216; baseline 0 -8"><span class='ocrx_word' id='word_1_1101' title='bbox 2371 2185 2422 2208; x_wconf 71' lang='lat' dir='ltr'>Aa.</span> <span class='ocrx_word' id='word_1_1102' title='bbox 2438 2191 2466 2216; x_wconf 84' lang='lat'>5.</span> 
     </span>
    </p>
   </div>
   <div class='ocr_carea' id='block_1_36' title="bbox 1285 2091 2353 2674">
    <p class='ocr_par' dir='ltr' id='par_1_56' title="bbox 1286 2091 2346 2170">
     <span class='ocr_line' id='line_1_167' title="bbox 1286 2091 2346 2151; baseline 0.002 -25"><span class='ocrx_word' id='word_1_1103' title='bbox 1286 2094 1376 2151; x_wconf 82' lang='lat' dir='ltr'>RE</span> <span class='ocrx_word' id='word_1_1104' title='bbox 1387 2094 1435 2132; x_wconf 86' lang='lat' dir='ltr'>X,</span> <span class='ocrx_word' id='word_1_1105' title='bbox 1451 2094 1556 2125; x_wconf 69' lang='lat' dir='ltr'>dileSto</span> <span class='ocrx_word' id='word_1_1106' title='bbox 1571 2094 1638 2131; x_wconf 85' lang='lat' dir='ltr'>fibi,</span> <span class='ocrx_word' id='word_1_1107' title='bbox 1659 2092 1806 2123; x_wconf 73' lang='lat' dir='ltr'>Willielmo</span> <span class='ocrx_word' id='word_1_1108' title='bbox 1819 2094 1947 2131; x_wconf 81' lang='lat' dir='ltr'>Berard,</span> <span class='ocrx_word' id='word_1_1109' title='bbox 1965 2093 2107 2127; x_wconf 83' lang='lat' dir='ltr'>Escaetorl</span> <span class='ocrx_word' id='word_1_1110' title='bbox 2128 2094 2178 2128; x_wconf 84' lang='lat' dir='ltr'>suo</span> <span class='ocrx_word' id='word_1_1111' title='bbox 2195 2096 2224 2127; x_wconf 88' lang='lat' dir='ltr'>in</span> <span class='ocrx_word' id='word_1_1112' title='bbox 2239 2091 2346 2128; x_wconf 84' lang='lat' dir='ltr'>Corni-</span> 
     </span>
     <span class='ocr_line' id='line_1_168' title="bbox 1365 2131 2039 2170; baseline -0.001 -6"><span class='ocrx_word' id='word_1_1113' title='bbox 1365 2135 1465 2164; x_wconf 84' lang='lat' dir='ltr'>tatibus</span> <span class='ocrx_word' id='word_1_1114' title='bbox 1481 2131 1661 2163; x_wconf 86' lang='lat' dir='ltr'>Norffolciae</span> <span class='ocrx_word' id='word_1_1115' title='bbox 1673 2133 1706 2162; x_wconf 91' lang='lat'>&amp;</span> <span class='ocrx_word' id='word_1_1116' title='bbox 1721 2132 1886 2170; x_wconf 82' lang='lat' dir='ltr'>Suffolciae,</span> <span class='ocrx_word' id='word_1_1117' title='bbox 1905 2132 2039 2164; x_wconf 87' lang='lat' dir='ltr'>Salutem.</span> 
     </span>
    </p>

    <p class='ocr_par' dir='ltr' id='par_1_57' title="bbox 1285 2169 2348 2403">
     <span class='ocr_line' id='line_1_169' title="bbox 1320 2169 2345 2215; baseline 0 -13"><span class='ocrx_word' id='word_1_1118' title='bbox 1320 2169 1404 2215; x_wconf 70' lang='lat' dir='ltr'>¹Curti</span> <span class='ocrx_word' id='word_1_1119' title='bbox 1419 2194 1428 2210; x_wconf 85' lang='lat'>,</span> <span class='ocrx_word' id='word_1_1120' title='bbox 1452 2172 1626 2202; x_wconf 86' lang='lat' dir='ltr'>Venerabilis</span> <span class='ocrx_word' id='word_1_1121' title='bbox 1646 2170 1726 2201; x_wconf 89' lang='lat' dir='ltr'>Pater</span> <span class='ocrx_word' id='word_1_1122' title='bbox 1741 2194 1750 2209; x_wconf 60' lang='lat'><em>3</em></span> <span class='ocrx_word' id='word_1_1123' title='bbox 1772 2174 1904 2200; x_wconf 77' lang='lat' dir='ltr'>Henricus</span> <span class='ocrx_word' id='word_1_1124' title='bbox 1928 2173 2112 2212; x_wconf 76' lang='lat' dir='ltr'>Norwycenfis</span> <span class='ocrx_word' id='word_1_1125' title='bbox 2124 2174 2262 2212; x_wconf 62' lang='lat' dir='ltr'>Epzjsc&#39;opus</span> <span class='ocrx_word' id='word_1_1126' title='bbox 2278 2175 2345 2207; x_wconf 68' lang='lat' dir='ltr'>Ele.</span> 
     </span>
     <span class='ocr_line' id='line_1_170' title="bbox 1285 2208 2346 2248; baseline 0.003 -8"><span class='ocrx_word' id='word_1_1127' title='bbox 1285 2209 1432 2248; x_wconf 62' lang='lat' dir='ltr'>ebonem,</span> <span class='ocrx_word' id='word_1_1128' title='bbox 1451 2221 1540 2248; x_wconf 88' lang='lat' dir='ltr'>nuper</span> <span class='ocrx_word' id='word_1_1129' title='bbox 1555 2210 1677 2247; x_wconf 67' lang='lat' dir='ltr'>faciam,</span> <span class='ocrx_word' id='word_1_1130' title='bbox 1692 2211 1721 2240; x_wconf 86' lang='lat' dir='ltr'>in</span> <span class='ocrx_word' id='word_1_1131' title='bbox 1743 2208 1866 2240; x_wconf 80' lang='lat' dir='ltr'>Ecclesia</span> <span class='ocrx_word' id='word_1_1132' title='bbox 1887 2209 2079 2241; x_wconf 80' lang='lat' dir='ltr'>Conventuali</span> <span class='ocrx_word' id='word_1_1133' title='bbox 2099 2212 2193 2242; x_wconf 71' lang='lat' dir='ltr'>Sancti</span> <span class='ocrx_word' id='word_1_1134' title='bbox 2215 2214 2290 2243; x_wconf 86' lang='lat' dir='ltr'>Petri</span> <span class='ocrx_word' id='word_1_1135' title='bbox 2310 2214 2346 2244; x_wconf 91' lang='lat' dir='ltr'>de</span> 
     </span>
     <span class='ocr_line' id='line_1_171' title="bbox 1286 2247 2348 2296; baseline 0.002 -17"><span class='ocrx_word' id='word_1_1136' title='bbox 1286 2248 1486 2296; x_wconf 41' lang='lat' dir='ltr'>Ginppevvyco,</span> <span class='ocrx_word' id='word_1_1137' title='bbox 1504 2249 1540 2279; x_wconf 91' lang='lat' dir='ltr'>de</span> <span class='ocrx_word' id='word_1_1138' title='bbox 1560 2247 1700 2292; x_wconf 38' lang='lat' dir='ltr'>Joham-te·</span> <span class='ocrx_word' id='word_1_1139' title='bbox 1714 2248 1743 2291; x_wconf 71' lang='lat' dir='ltr'>ale</span> <span class='ocrx_word' id='word_1_1140' title='bbox 1766 2248 1959 2292; x_wconf 64' lang='lat' dir='ltr'>Moneweclene</span> <span class='ocrx_word' id='word_1_1141' title='bbox 1974 2248 2127 2294; x_wconf 30' lang='lat' dir='ltr'>Mo&#39;nacho</span> <span class='ocrx_word' id='word_1_1142' title='bbox 2142 2252 2264 2293; x_wconf 81' lang='lat' dir='ltr'>ejusdem</span> <span class='ocrx_word' id='word_1_1143' title='bbox 2282 2251 2348 2282; x_wconf 91' lang='lat' dir='ltr'>Do-</span> 
     </span>
     <span class='ocr_line' id='line_1_172' title="bbox 1285 2286 2348 2367; baseline 0.003 -11"><span class='ocrx_word' id='word_1_1144' title='bbox 1285 2286 1857 2362; x_wconf 44' lang='lat' dir='ltr'>&amp;sistis“aepissa&#39;sss‘sszfflzilssssaizssi</span> <span class='ocrx_word' id='word_1_1145' title='bbox 1864 2287 2348 2367; x_wconf 47' lang='lat' dir='ltr'>‚¹³ffss&#39;fitffiiffisizessffissfflffissssffissss</span> 
     </span>
     <span class='ocr_line' id='line_1_173' title="bbox 1287 2360 2079 2403; baseline 0.001 -8"><span class='ocrx_word' id='word_1_1146' title='bbox 1287 2364 1339 2395; x_wconf 83' lang='lat' dir='ltr'>sius</span> <span class='ocrx_word' id='word_1_1147' title='bbox 1356 2360 1508 2402; x_wconf 80' lang='lat' dir='ltr'>Episcopi,</span> <span class='ocrx_word' id='word_1_1148' title='bbox 1526 2362 1609 2394; x_wconf 88' lang='lat' dir='ltr'>nobis</span> <span class='ocrx_word' id='word_1_1149' title='bbox 1621 2362 1687 2393; x_wconf 80' lang='lat' dir='ltr'>inde</span> <span class='ocrx_word' id='word_1_1150' title='bbox 1700 2360 1835 2401; x_wconf 68' lang='lat' dir='ltr'>directas,</span> <span class='ocrx_word' id='word_1_1151' title='bbox 1854 2365 1936 2394; x_wconf 88' lang='lat' dir='ltr'>nobis</span> <span class='ocrx_word' id='word_1_1152' title='bbox 1951 2364 2079 2403; x_wconf 85' lang='lat' dir='ltr'>constat,</span> 
     </span>
    </p>

    <p class='ocr_par' dir='ltr' id='par_1_58' title="bbox 1287 2401 2350 2519">
     <span class='ocr_line' id='line_1_174' title="bbox 1324 2401 2350 2445; baseline 0.004 -12"><span class='ocrx_word' id='word_1_1153' title='bbox 1324 2402 1393 2433; x_wconf 93' lang='lat' dir='ltr'>Nos</span> <span class='ocrx_word' id='word_1_1154' title='bbox 1415 2401 1687 2440; x_wconf 88' lang='lat' dir='ltr'>(Confirmationem</span> <span class='ocrx_word' id='word_1_1155' title='bbox 1709 2401 1785 2445; x_wconf 82' lang='lat' dir='ltr'>illam</span> <span class='ocrx_word' id='word_1_1156' title='bbox 1807 2404 1995 2442; x_wconf 82' lang='lat' dir='ltr'>acceptantes)</span> <span class='ocrx_word' id='word_1_1157' title='bbox 2018 2406 2148 2441; x_wconf 87' lang='lat' dir='ltr'>cepimus</span> <span class='ocrx_word' id='word_1_1158' title='bbox 2171 2405 2350 2438; x_wconf 82' lang='lat' dir='ltr'>Fidelitatem</span> 
     </span>
     <span class='ocr_line' id='line_1_175' title="bbox 1287 2439 2350 2484; baseline 0.001 -11"><span class='ocrx_word' id='word_1_1159' title='bbox 1287 2442 1368 2480; x_wconf 85' lang='lat' dir='ltr'>ipsius</span> <span class='ocrx_word' id='word_1_1160' title='bbox 1386 2440 1477 2471; x_wconf 64' lang='lat' dir='ltr'>Elecii</span> <span class='ocrx_word' id='word_1_1161' title='bbox 1491 2465 1500 2478; x_wconf 93' lang='lat'>,</span> <span class='ocrx_word' id='word_1_1162' title='bbox 1528 2442 1560 2472; x_wconf 71' lang='grc' dir='ltr'>ὃς</span> <span class='ocrx_word' id='word_1_1163' title='bbox 1583 2440 1768 2478; x_wconf 85' lang='lat' dir='ltr'>Temporalia</span> <span class='ocrx_word' id='word_1_1164' title='bbox 1790 2439 1934 2471; x_wconf 62' lang='lat' dir='ltr'>Prioratu&gt;=</span> <span class='ocrx_word' id='word_1_1165' title='bbox 1955 2442 2026 2472; x_wconf 75' lang='lat' dir='ltr'>illius</span> <span class='ocrx_word' id='word_1_1166' title='bbox 2040 2466 2050 2480; x_wconf 80' lang='lat'>,</span> <span class='ocrx_word' id='word_1_1167' title='bbox 2069 2453 2138 2474; x_wconf 89' lang='lat' dir='ltr'>cum</span> <span class='ocrx_word' id='word_1_1168' title='bbox 2152 2442 2350 2484; x_wconf 85' lang='lat' dir='ltr'>Pertinentiis,</span> 
     </span>
     <span class='ocr_line' id='line_1_176' title="bbox 1289 2474 1878 2519; baseline -0.003 -8"><span class='ocrx_word' id='word_1_1169' title='bbox 1289 2489 1374 2519; x_wconf 84' lang='lat' dir='ltr'>prout</span> <span class='ocrx_word' id='word_1_1170' title='bbox 1389 2481 1474 2510; x_wconf 87' lang='lat' dir='ltr'>moris</span> <span class='ocrx_word' id='word_1_1171' title='bbox 1491 2478 1532 2509; x_wconf 85' lang='lat' dir='ltr'>est</span> <span class='ocrx_word' id='word_1_1172' title='bbox 1542 2503 1550 2517; x_wconf 92' lang='lat'>‚</span> <span class='ocrx_word' id='word_1_1173' title='bbox 1566 2478 1753 2510; x_wconf 85' lang='lat' dir='ltr'>Restituimus</span> <span class='ocrx_word' id='word_1_1174' title='bbox 1766 2474 1878 2517; x_wconf 72' lang='lat' dir='ltr'>eidem,</span> 
     </span>
    </p>

    <p class='ocr_par' dir='ltr' id='par_1_59' title="bbox 1289 2517 2353 2674">
     <span class='ocr_line' id='line_1_177' title="bbox 1327 2517 2352 2558; baseline 0.002 -9"><span class='ocrx_word' id='word_1_1175' title='bbox 1327 2518 1364 2550; x_wconf 89' lang='lat' dir='ltr'>Et</span> <span class='ocrx_word' id='word_1_1176' title='bbox 1379 2518 1445 2549; x_wconf 82' lang='lat' dir='ltr'>ideo</span> <span class='ocrx_word' id='word_1_1177' title='bbox 1457 2518 1508 2548; x_wconf 89' lang='lat' dir='ltr'>tibi</span> <span class='ocrx_word' id='word_1_1178' title='bbox 1522 2518 1705 2556; x_wconf 76' lang='lat' dir='ltr'>praecipimus</span> <span class='ocrx_word' id='word_1_1179' title='bbox 1718 2517 1799 2554; x_wconf 80' lang='lat' dir='ltr'>quod</span> <span class='ocrx_word' id='word_1_1180' title='bbox 1813 2517 1908 2547; x_wconf 86' lang='lat' dir='ltr'>eidem</span> <span class='ocrx_word' id='word_1_1181' title='bbox 1923 2517 2024 2549; x_wconf 60' lang='lat' dir='ltr'>Electo</span> <span class='ocrx_word' id='word_1_1182' title='bbox 2037 2518 2224 2558; x_wconf 87' lang='lat' dir='ltr'>Temporalia</span> <span class='ocrx_word' id='word_1_1183' title='bbox 2239 2520 2352 2551; x_wconf 87' lang='lat' dir='ltr'>Priora-</span> 
     </span>
     <span class='ocr_line' id='line_1_178' title="bbox 1289 2555 2353 2625; baseline 0.003 -38"><span class='ocrx_word' id='word_1_1184' title='bbox 1289 2556 1335 2601; x_wconf 76' lang='lat' dir='ltr'>tus</span> <span class='ocrx_word' id='word_1_1185' title='bbox 1347 2557 1474 2625; x_wconf 49' lang='lat' dir='ltr'>pssrzdiffl</span> <span class='ocrx_word' id='word_1_1186' title='bbox 1487 2579 1498 2595; x_wconf 87' lang='lat'>,</span> <span class='ocrx_word' id='word_1_1187' title='bbox 1522 2566 1591 2586; x_wconf 85' lang='lat' dir='ltr'>cum</span> <span class='ocrx_word' id='word_1_1188' title='bbox 1615 2555 1808 2595; x_wconf 81' lang='lat' dir='ltr'>Pertinentiis,</span> <span class='ocrx_word' id='word_1_1189' title='bbox 1828 2557 1856 2586; x_wconf 92' lang='lat' dir='ltr'>in</span> <span class='ocrx_word' id='word_1_1190' title='bbox 1871 2555 1964 2588; x_wconf 83' lang='lat' dir='ltr'>Baliva</span> <span class='ocrx_word' id='word_1_1191' title='bbox 1981 2566 2044 2596; x_wconf 91' lang='lat' dir='ltr'>tua,</span> <span class='ocrx_word' id='word_1_1192' title='bbox 2061 2558 2179 2598; x_wconf 77' lang='lat' dir='ltr'>libere33</span> <span class='ocrx_word' id='word_1_1193' title='bbox 2198 2559 2353 2598; x_wconf 79' lang='lat' dir='ltr'>falvoJure</span> 
     </span>
     <span class='ocr_line' id='line_1_179' title="bbox 1289 2603 2128 2674; baseline -0.001 -8"><span class='ocrx_word' id='word_1_1194' title='bbox 1289 2603 1512 2672; x_wconf 54' lang='lat' dir='ltr'>qu&#39;IlJ&#39;el‘cgtRege</span> <span class='ocrx_word' id='word_1_1195' title='bbox 1526 2631 1599 2672; x_wconf 87' lang='lat' dir='ltr'>apud</span> <span class='ocrx_word' id='word_1_1196' title='bbox 1613 2632 1709 2664; x_wconf 90' lang='lat' dir='ltr'>Henle</span> <span class='ocrx_word' id='word_1_1197' title='bbox 1717 2655 1728 2672; x_wconf 89' lang='lat'>,</span> <span class='ocrx_word' id='word_1_1198' title='bbox 1745 2633 1883 2665; x_wconf 69' lang='lat' dir='ltr'>vicesimo</span> <span class='ocrx_word' id='word_1_1199' title='bbox 1896 2644 1980 2665; x_wconf 91' lang='lat' dir='ltr'>nono</span> <span class='ocrx_word' id='word_1_1200' title='bbox 1993 2633 2039 2665; x_wconf 91' lang='lat' dir='ltr'>die</span> <span class='ocrx_word' id='word_1_1201' title='bbox 2050 2633 2128 2674; x_wconf 91' lang='lat' dir='ltr'>Julii.</span> 
     </span>
    </p>
   </div>
   <div class='ocr_carea' id='block_1_37' title="bbox 2374 2262 2488 2370">
    <p class='ocr_par' dir='ltr' id='par_1_60' title="bbox 2374 2262 2488 2370">
     <span class='ocr_line' id='line_1_180' title="bbox 2374 2262 2469 2291; baseline -0.011 -6"><span class='ocrx_word' id='word_1_1202' title='bbox 2374 2262 2431 2285; x_wconf 68' lang='lat' dir='ltr'>Pru.</span> <span class='ocrx_word' id='word_1_1203' title='bbox 2444 2267 2469 2291; x_wconf 80' lang='lat'>5.</span> 
     </span>
     <span class='ocr_line' id='line_1_181' title="bbox 2374 2301 2488 2332; baseline -0.026 -8"><span class='ocrx_word' id='word_1_1204' title='bbox 2374 2301 2403 2324; x_wconf 84' lang='lat' dir='ltr'>R.</span> <span class='ocrx_word' id='word_1_1205' title='bbox 2416 2303 2466 2332; x_wconf 82' lang='lat' dir='ltr'>2.p.</span> <span class='ocrx_word' id='word_1_1206' title='bbox 2481 2307 2488 2321; x_wconf 75' lang='lat'>1</span> 
     </span>
     <span class='ocr_line' id='line_1_182' title="bbox 2374 2344 2475 2370; baseline -0.02 -8"><span class='ocrx_word' id='word_1_1207' title='bbox 2374 2345 2410 2363; x_wconf 84' lang='lat' dir='ltr'>m.</span> <span class='ocrx_word' id='word_1_1208' title='bbox 2431 2344 2475 2370; x_wconf 78' lang='lat'>31.</span> 
     </span>
    </p>
   </div>
   <div class='ocr_carea' id='block_1_38' title="bbox 1290 2709 2352 2942">
    <p class='ocr_par' dir='ltr' id='par_1_61' title="bbox 1349 2709 2351 2752">
     <span class='ocr_line' id='line_1_183' title="bbox 1349 2709 2351 2752; baseline 0.002 -10"><span class='ocrx_word' id='word_1_1209' title='bbox 1349 2711 1381 2742; x_wconf 91' lang='lat' dir='ltr'>T</span> <span class='ocrx_word' id='word_1_1210' title='bbox 1397 2710 1568 2742; x_wconf 89' lang='lat' dir='ltr'>Mandatum</span> <span class='ocrx_word' id='word_1_1211' title='bbox 1584 2710 1626 2741; x_wconf 87' lang='lat' dir='ltr'>est</span> <span class='ocrx_word' id='word_1_1212' title='bbox 1641 2709 1799 2749; x_wconf 89' lang='lat' dir='ltr'>Militibus,</span> <span class='ocrx_word' id='word_1_1213' title='bbox 1817 2709 1927 2741; x_wconf 90' lang='lat' dir='ltr'>Liberis</span> <span class='ocrx_word' id='word_1_1214' title='bbox 1943 2711 2118 2752; x_wconf 85' lang='lat' dir='ltr'>Hominibus</span> <span class='ocrx_word' id='word_1_1215' title='bbox 2130 2734 2140 2751; x_wconf 85' lang='lat'>‚</span> <span class='ocrx_word' id='word_1_1216' title='bbox 2167 2713 2200 2743; x_wconf 91' lang='lat'>&amp;</span> <span class='ocrx_word' id='word_1_1217' title='bbox 2215 2714 2351 2744; x_wconf 89' lang='lat' dir='ltr'>omnibus</span> 
     </span>
    </p>

    <p class='ocr_par' dir='ltr' id='par_1_62' title="bbox 1366 2749 2352 2790">
     <span class='ocr_line' id='line_1_184' title="bbox 1366 2749 2352 2790; baseline 0 -9"><span class='ocrx_word' id='word_1_1218' title='bbox 1366 2750 1439 2788; x_wconf 87' lang='lat' dir='ltr'>aliis,</span> <span class='ocrx_word' id='word_1_1219' title='bbox 1457 2749 1634 2780; x_wconf 84' lang='lat' dir='ltr'>Tenentibus</span> <span class='ocrx_word' id='word_1_1220' title='bbox 1647 2749 1683 2779; x_wconf 90' lang='lat' dir='ltr'>de</span> <span class='ocrx_word' id='word_1_1221' title='bbox 1697 2749 1827 2780; x_wconf 89' lang='lat' dir='ltr'>Prioratu</span> <span class='ocrx_word' id='word_1_1222' title='bbox 1843 2749 1999 2788; x_wconf 57' lang='lat' dir='ltr'>praediCio,</span> <span class='ocrx_word' id='word_1_1223' title='bbox 2018 2751 2098 2789; x_wconf 82' lang='lat' dir='ltr'>quod</span> <span class='ocrx_word' id='word_1_1224' title='bbox 2112 2751 2205 2782; x_wconf 90' lang='lat' dir='ltr'>eidem</span> <span class='ocrx_word' id='word_1_1225' title='bbox 2212 2752 2352 2790; x_wconf 81' lang='lat' dir='ltr'>Johanni‚</span> 
     </span>
    </p>

    <p class='ocr_par' dir='ltr' id='par_1_63' title="bbox 1290 2786 2351 2942">
     <span class='ocr_line' id='line_1_185' title="bbox 1292 2786 2351 2827; baseline 0.001 -8"><span class='ocrx_word' id='word_1_1226' title='bbox 1292 2797 1427 2827; x_wconf 91' lang='lat' dir='ltr'>tanquam</span> <span class='ocrx_word' id='word_1_1227' title='bbox 1448 2788 1538 2818; x_wconf 82' lang='lat' dir='ltr'>Priori</span> <span class='ocrx_word' id='word_1_1228' title='bbox 1558 2788 1591 2818; x_wconf 88' lang='lat'>&amp;</span> <span class='ocrx_word' id='word_1_1229' title='bbox 1613 2786 1746 2818; x_wconf 90' lang='lat' dir='ltr'>Domino</span> <span class='ocrx_word' id='word_1_1230' title='bbox 1765 2787 1832 2826; x_wconf 89' lang='lat' dir='ltr'>suo,</span> <span class='ocrx_word' id='word_1_1231' title='bbox 1850 2790 1878 2817; x_wconf 85' lang='lat' dir='ltr'>iu</span> <span class='ocrx_word' id='word_1_1232' title='bbox 1893 2790 2046 2827; x_wconf 82' lang='lat' dir='ltr'>omnibus,</span> <span class='ocrx_word' id='word_1_1233' title='bbox 2065 2799 2129 2826; x_wconf 66' lang='lat' dir='ltr'>qux</span> <span class='ocrx_word' id='word_1_1234' title='bbox 2142 2790 2177 2819; x_wconf 92' lang='lat' dir='ltr'>ad</span> <span class='ocrx_word' id='word_1_1235' title='bbox 2190 2790 2351 2821; x_wconf 88' lang='lat' dir='ltr'>Prioratum</span> 
     </span>
     <span class='ocr_line' id='line_1_186' title="bbox 1290 2825 2180 2871; baseline -0.001 -13"><span class='ocrx_word' id='word_1_1236' title='bbox 1290 2827 1459 2871; x_wconf 66' lang='lat' dir='ltr'>praedistum</span> <span class='ocrx_word' id='word_1_1237' title='bbox 1475 2827 1632 2865; x_wconf 89' lang='lat' dir='ltr'>pertinent,</span> <span class='ocrx_word' id='word_1_1238' title='bbox 1651 2825 1830 2857; x_wconf 84' lang='lat' dir='ltr'>Intendentes</span> <span class='ocrx_word' id='word_1_1239' title='bbox 1843 2826 1895 2856; x_wconf 84' lang='lat' dir='ltr'>iint</span> <span class='ocrx_word' id='word_1_1240' title='bbox 1909 2827 1942 2856; x_wconf 85' lang='lat'>&amp;</span> <span class='ocrx_word' id='word_1_1241' title='bbox 1957 2826 2180 2866; x_wconf 87' lang='lat' dir='ltr'>Respondentes.</span> 
     </span>
     <span class='ocr_line' id='line_1_187' title="bbox 1325 2865 2165 2942; baseline -0.002 -7"><span class='ocrx_word' id='word_1_1242' title='bbox 1325 2865 1548 2941; x_wconf 40' lang='lat' dir='ltr'>lnTleJiltlz’Rffgce</span> <span class='ocrx_word' id='word_1_1243' title='bbox 1560 2902 1633 2940; x_wconf 88' lang='lat' dir='ltr'>apud</span> <span class='ocrx_word' id='word_1_1244' title='bbox 1647 2899 1760 2940; x_wconf 86' lang='lat' dir='ltr'>Henle,</span> <span class='ocrx_word' id='word_1_1245' title='bbox 1778 2902 1916 2933; x_wconf 83' lang='lat' dir='ltr'>vicesimo</span> <span class='ocrx_word' id='word_1_1246' title='bbox 1929 2912 2010 2934; x_wconf 88' lang='lat' dir='ltr'>nono</span> <span class='ocrx_word' id='word_1_1247' title='bbox 2027 2902 2074 2934; x_wconf 91' lang='lat' dir='ltr'>die</span> <span class='ocrx_word' id='word_1_1248' title='bbox 2084 2903 2165 2942; x_wconf 88' lang='lat' dir='ltr'>Julii.</span> 
     </span>
    </p>
   </div>
   <div class='ocr_carea' id='block_1_39' title="bbox 1351 3025 2287 3073">
    <p class='ocr_par' dir='ltr' id='par_1_64' title="bbox 1351 3025 2287 3073">
     <span class='ocr_line' id='line_1_188' title="bbox 1351 3025 2287 3073; baseline -0.001 -11"><span class='ocrx_word' id='word_1_1249' title='bbox 1351 3033 1409 3064; x_wconf 87' lang='lat' dir='ltr'>Pro</span> <span class='ocrx_word' id='word_1_1250' title='bbox 1430 3026 1589 3065; x_wconf 79' lang='lat' dir='ltr'>Cardinali</span> <span class='ocrx_word' id='word_1_1251' title='bbox 1605 3025 1642 3059; x_wconf 81' lang='lat' dir='ltr'>cle</span> <span class='ocrx_word' id='word_1_1252' title='bbox 1663 3027 1825 3061; x_wconf 84' lang='lat' dir='ltr'>Alenconio</span> <span class='ocrx_word' id='word_1_1253' title='bbox 1836 3053 1847 3070; x_wconf 87' lang='lat'>‚</span> <span class='ocrx_word' id='word_1_1254' title='bbox 1873 3026 2096 3061; x_wconf 80' lang='lat' dir='ltr'>Archidiacono</span> <span class='ocrx_word' id='word_1_1255' title='bbox 2113 3026 2287 3073; x_wconf 76' lang='lat' dir='ltr'>Suffolchiae.</span> 
     </span>
    </p>
   </div>
   <div class='ocr_carea' id='block_1_40' title="bbox 1292 3112 2503 3691">
    <p class='ocr_par' dir='ltr' id='par_1_65' title="bbox 1292 3112 2503 3228">
     <span class='ocr_line' id='line_1_189' title="bbox 1292 3112 1999 3175; baseline -0.003 -28"><span class='ocrx_word' id='word_1_1256' title='bbox 1292 3114 1420 3175; x_wconf 84' lang='lat' dir='ltr'>REX</span> <span class='ocrx_word' id='word_1_1257' title='bbox 1447 3112 1608 3150; x_wconf 86' lang='lat' dir='ltr'>Omnibus,</span> <span class='ocrx_word' id='word_1_1258' title='bbox 1626 3112 1661 3143; x_wconf 90' lang='lat' dir='ltr'>ad</span> <span class='ocrx_word' id='word_1_1259' title='bbox 1676 3122 1766 3151; x_wconf 73' lang='lat' dir='ltr'>qu05,</span> <span class='ocrx_word' id='word_1_1260' title='bbox 1783 3112 1847 3144; x_wconf 67' lang='grc' dir='ltr'>ἃς.</span> <span class='ocrx_word' id='word_1_1261' title='bbox 1865 3112 1999 3145; x_wconf 88' lang='lat' dir='ltr'>Salutem.</span> 
     </span>
     <span class='ocr_line' id='line_1_190' title="bbox 1384 3139 2503 3190; baseline -0.006 -6"><span class='ocrx_word' id='word_1_1262' title='bbox 1384 3154 1481 3184; x_wconf 89' lang='lat' dir='ltr'>Sciatis</span> <span class='ocrx_word' id='word_1_1263' title='bbox 1495 3151 1575 3190; x_wconf 84' lang='lat' dir='ltr'>quod</span> <span class='ocrx_word' id='word_1_1264' title='bbox 1594 3150 1681 3189; x_wconf 84' lang='lat' dir='ltr'>Nos,</span> <span class='ocrx_word' id='word_1_1265' title='bbox 2375 3139 2503 3173; x_wconf 73' lang='lat' dir='ltr'>Ami),</span> 
     </span>
     <span class='ocr_line' id='line_1_191' title="bbox 1329 3181 2480 3228; baseline -0.002 -4"><span class='ocrx_word' id='word_1_1266' title='bbox 1329 3192 1382 3223; x_wconf 93' lang='lat' dir='ltr'>Ob</span> <span class='ocrx_word' id='word_1_1267' title='bbox 1397 3191 1610 3227; x_wconf 70' lang='lat' dir='ltr'>Affefflonem,</span> <span class='ocrx_word' id='word_1_1268' title='bbox 1628 3199 1715 3228; x_wconf 92' lang='lat' dir='ltr'>quam</span> <span class='ocrx_word' id='word_1_1269' title='bbox 1729 3194 1812 3228; x_wconf 77' lang='lat' dir='ltr'>erga,</span> <span class='ocrx_word' id='word_1_1270' title='bbox 1830 3189 2110 3222; x_wconf 76' lang='lat' dir='ltr'>Reverendisssm&#39;um</span> <span class='ocrx_word' id='word_1_1271' title='bbox 2127 3193 2154 3221; x_wconf 88' lang='lat' dir='ltr'>in</span> <span class='ocrx_word' id='word_1_1272' title='bbox 2165 3190 2281 3222; x_wconf 86' lang='lat' dir='ltr'>Christo</span> <span class='ocrx_word' id='word_1_1273' title='bbox 2297 3192 2351 3222; x_wconf 53' lang='lat' dir='ltr'>Pas</span> <span class='ocrx_word' id='word_1_1274' title='bbox 2395 3181 2480 3218; x_wconf 72' lang='lat'>¹33¹·</span> 
     </span>
    </p>

    <p class='ocr_par' dir='ltr' id='par_1_66' title="bbox 1292 3223 2467 3345">
     <span class='ocr_line' id='line_1_192' title="bbox 1292 3223 2457 3268; baseline -0.003 -5"><span class='ocrx_word' id='word_1_1275' title='bbox 1292 3240 1365 3264; x_wconf 90' lang='lat' dir='ltr'>trem</span> <span class='ocrx_word' id='word_1_1276' title='bbox 1402 3228 1575 3260; x_wconf 73' lang='lat' dir='ltr'>cardinalem</span> <span class='ocrx_word' id='word_1_1277' title='bbox 1589 3229 1622 3258; x_wconf 79' lang='lat' dir='ltr'>de</span> <span class='ocrx_word' id='word_1_1278' title='bbox 1635 3227 1786 3258; x_wconf 84' lang='lat' dir='ltr'>Alenconio</span> <span class='ocrx_word' id='word_1_1279' title='bbox 1805 3228 2057 3268; x_wconf 89' lang='lat' dir='ltr'>Consanguineum</span> <span class='ocrx_word' id='word_1_1280' title='bbox 2078 3230 2208 3260; x_wconf 90' lang='lat' dir='ltr'>nostrum</span> <span class='ocrx_word' id='word_1_1281' title='bbox 2224 3231 2350 3268; x_wconf 87' lang='lat' dir='ltr'>gerimus</span> <span class='ocrx_word' id='word_1_1282' title='bbox 2372 3223 2423 3246; x_wconf 70' lang='lat' dir='ltr'>An,</span> <span class='ocrx_word' id='word_1_1283' title='bbox 2439 3230 2457 3255; x_wconf 85' lang='lat'><em>5</em></span> 
     </span>
     <span class='ocr_line' id='line_1_193' title="bbox 1293 3254 2448 3322; baseline 0 -23"><span class='ocrx_word' id='word_1_1284' title='bbox 1293 3273 1327 3303; x_wconf 90' lang='lat'>&amp;</span> <span class='ocrx_word' id='word_1_1285' title='bbox 1339 3254 1489 3307; x_wconf 69' lang='lat' dir='ltr'>habemus,</span> <span class='ocrx_word' id='word_1_1286' title='bbox 1507 3275 1622 3297; x_wconf 88' lang='lat' dir='ltr'>necnon</span> <span class='ocrx_word' id='word_1_1287' title='bbox 1643 3274 1757 3306; x_wconf 89' lang='lat' dir='ltr'>propter</span> <span class='ocrx_word' id='word_1_1288' title='bbox 1773 3266 1998 3311; x_wconf 85' lang='lat' dir='ltr'>Benivolentiam</span> <span class='ocrx_word' id='word_1_1289' title='bbox 2021 3278 2105 3311; x_wconf 86' lang='lat' dir='ltr'>quam</span> <span class='ocrx_word' id='word_1_1290' title='bbox 2126 3268 2182 3305; x_wconf 89' lang='lat' dir='ltr'>ipse</span> <span class='ocrx_word' id='word_1_1291' title='bbox 2204 3277 2269 3307; x_wconf 88' lang='lat' dir='ltr'>erga</span> <span class='ocrx_word' id='word_1_1292' title='bbox 2281 3269 2351 3300; x_wconf 90' lang='lat' dir='ltr'>Nos</span> <span class='ocrx_word' id='word_1_1293' title='bbox 2371 3262 2448 3322; x_wconf 42' lang='lat'>¹2:¹1²·</span> 
     </span>
     <span class='ocr_line' id='line_1_194' title="bbox 1293 3301 2467 3345; baseline -0.004 -5"><span class='ocrx_word' id='word_1_1294' title='bbox 1293 3311 1330 3341; x_wconf 75' lang='lat'>8(</span> <span class='ocrx_word' id='word_1_1295' title='bbox 1343 3309 1480 3345; x_wconf 87' lang='lat' dir='ltr'>Regnum</span> <span class='ocrx_word' id='word_1_1296' title='bbox 1492 3305 1622 3335; x_wconf 85' lang='lat' dir='ltr'>nostrum</span> <span class='ocrx_word' id='word_1_1297' title='bbox 1635 3307 1721 3344; x_wconf 86' lang='lat' dir='ltr'>gerit,</span> <span class='ocrx_word' id='word_1_1298' title='bbox 1739 3315 1823 3343; x_wconf 89' lang='lat' dir='ltr'>prout</span> <span class='ocrx_word' id='word_1_1299' title='bbox 1838 3315 1971 3336; x_wconf 86' lang='lat' dir='ltr'>veraciter</span> <span class='ocrx_word' id='word_1_1300' title='bbox 1986 3306 2078 3336; x_wconf 87' lang='lat' dir='ltr'>sumus</span> <span class='ocrx_word' id='word_1_1301' title='bbox 2093 3306 2253 3344; x_wconf 85' lang='lat' dir='ltr'>informati,</span> <span class='ocrx_word' id='word_1_1302' title='bbox 2371 3301 2383 3323; x_wconf 90' lang='lat'><em>1</em></span> <span class='ocrx_word' id='word_1_1303' title='bbox 2399 3307 2407 3323; x_wconf 84' lang='lat'><em>¹</em></span> <span class='ocrx_word' id='word_1_1304' title='bbox 2429 3318 2434 3324; x_wconf 94' lang='lat'>·</span> <span class='ocrx_word' id='word_1_1305' title='bbox 2466 3341 2467 3344; x_wconf 13' lang='grc' dir='ltr'><strong>Ἰ</strong></span> 
     </span>
    </p>

    <p class='ocr_par' dir='ltr' id='par_1_67' title="bbox 1294 3342 2466 3419">
     <span class='ocr_line' id='line_1_195' title="bbox 1330 3342 2466 3385; baseline -0.006 -7"><span class='ocrx_word' id='word_1_1306' title='bbox 1330 3345 1529 3378; x_wconf 82' lang='lat' dir='ltr'>Conceffimus</span> <span class='ocrx_word' id='word_1_1307' title='bbox 1549 3343 1642 3374; x_wconf 90' lang='lat' dir='ltr'>eidem</span> <span class='ocrx_word' id='word_1_1308' title='bbox 1663 3342 1822 3382; x_wconf 83' lang='lat' dir='ltr'>Cardinali,</span> <span class='ocrx_word' id='word_1_1309' title='bbox 1841 3353 1978 3381; x_wconf 87' lang='lat' dir='ltr'>quantum</span> <span class='ocrx_word' id='word_1_1310' title='bbox 1992 3345 2021 3373; x_wconf 92' lang='lat' dir='ltr'>in</span> <span class='ocrx_word' id='word_1_1311' title='bbox 2035 3345 2116 3374; x_wconf 77' lang='lat' dir='ltr'>nobis</span> <span class='ocrx_word' id='word_1_1312' title='bbox 2129 3344 2184 3381; x_wconf 77' lang='lat' dir='ltr'>est,</span> <span class='ocrx_word' id='word_1_1313' title='bbox 2202 3345 2281 3382; x_wconf 80' lang='lat' dir='ltr'>quod</span> <span class='ocrx_word' id='word_1_1314' title='bbox 2294 3347 2351 3385; x_wconf 83' lang='lat' dir='ltr'>ipse</span> <span class='ocrx_word' id='word_1_1315' title='bbox 2365 3344 2402 3364; x_wconf 75' lang='lat'>&#39;&#39;¹-</span> <span class='ocrx_word' id='word_1_1316' title='bbox 2421 3343 2466 3371; x_wconf 84' lang='lat'>3²·</span> 
     </span>
     <span class='ocr_line' id='line_1_196' title="bbox 1294 3381 1950 3419; baseline -0.009 -2"><span class='ocrx_word' id='word_1_1317' title='bbox 1294 3385 1500 3417; x_wconf 84' lang='lat' dir='ltr'>Poffeffionem</span> <span class='ocrx_word' id='word_1_1318' title='bbox 1515 3381 1770 3413; x_wconf 73' lang='lat' dir='ltr'>Archidiaconatfis</span> <span class='ocrx_word' id='word_1_1319' title='bbox 1783 3382 1931 3413; x_wconf 86' lang='lat' dir='ltr'>Suffolciae</span> <span class='ocrx_word' id='word_1_1320' title='bbox 1940 3405 1950 3419; x_wconf 84' lang='lat'>,</span> 
     </span>
    </p>

    <p class='ocr_par' dir='ltr' id='par_1_68' title="bbox 1294 3419 2353 3536">
     <span class='ocr_line' id='line_1_197' title="bbox 1333 3419 2351 3462; baseline 0.001 -8"><span class='ocrx_word' id='word_1_1321' title='bbox 1333 3423 1382 3454; x_wconf 91' lang='lat' dir='ltr'>De</span> <span class='ocrx_word' id='word_1_1322' title='bbox 1404 3433 1462 3462; x_wconf 91' lang='lat' dir='ltr'>quo</span> <span class='ocrx_word' id='word_1_1323' title='bbox 1485 3421 1536 3452; x_wconf 87' lang='lat' dir='ltr'>sibi</span> <span class='ocrx_word' id='word_1_1324' title='bbox 1556 3430 1606 3458; x_wconf 88' lang='lat' dir='ltr'>per</span> <span class='ocrx_word' id='word_1_1325' title='bbox 1620 3420 1786 3451; x_wconf 88' lang='lat' dir='ltr'>Dominum</span> <span class='ocrx_word' id='word_1_1326' title='bbox 1799 3420 1952 3450; x_wconf 88' lang='lat' dir='ltr'>Summum</span> <span class='ocrx_word' id='word_1_1327' title='bbox 1969 3419 2155 3459; x_wconf 83' lang='lat' dir='ltr'>Pontificem,</span> <span class='ocrx_word' id='word_1_1328' title='bbox 2173 3429 2308 3460; x_wconf 86' lang='lat' dir='ltr'>tanquam</span> <span class='ocrx_word' id='word_1_1329' title='bbox 2322 3425 2351 3455; x_wconf 87' lang='lat' dir='ltr'>in</span> 
     </span>
     <span class='ocr_line' id='line_1_198' title="bbox 1294 3457 2353 3500; baseline 0 -7"><span class='ocrx_word' id='word_1_1330' title='bbox 1294 3462 1382 3493; x_wconf 89' lang='lat' dir='ltr'>Curia</span> <span class='ocrx_word' id='word_1_1331' title='bbox 1396 3487 1406 3499; x_wconf 80' lang='lat'>,</span> <span class='ocrx_word' id='word_1_1332' title='bbox 1435 3470 1482 3499; x_wconf 88' lang='lat' dir='ltr'>per</span> <span class='ocrx_word' id='word_1_1333' title='bbox 1513 3458 1644 3489; x_wconf 89' lang='lat' dir='ltr'>Mortem</span> <span class='ocrx_word' id='word_1_1334' title='bbox 1673 3459 1788 3489; x_wconf 86' lang='lat' dir='ltr'>Elizarii</span> <span class='ocrx_word' id='word_1_1335' title='bbox 1809 3459 1899 3488; x_wconf 88' lang='lat' dir='ltr'>Tituli</span> <span class='ocrx_word' id='word_1_1336' title='bbox 1919 3457 2031 3487; x_wconf 64' lang='lat' dir='ltr'>Sanetae</span> <span class='ocrx_word' id='word_1_1337' title='bbox 2053 3458 2163 3488; x_wconf 61' lang='lat' dir='ltr'>Sabin-ae</span> <span class='ocrx_word' id='word_1_1338' title='bbox 2184 3459 2353 3500; x_wconf 81' lang='lat' dir='ltr'>Praesbyteri</span> 
     </span>
     <span class='ocr_line' id='line_1_199' title="bbox 1295 3496 2212 3536; baseline -0.004 -4"><span class='ocrx_word' id='word_1_1339' title='bbox 1295 3500 1466 3536; x_wconf 88' lang='lat' dir='ltr'>Cardinalis‚</span> <span class='ocrx_word' id='word_1_1340' title='bbox 1484 3506 1619 3536; x_wconf 81' lang='lat' dir='ltr'>vacante,</span> <span class='ocrx_word' id='word_1_1341' title='bbox 1637 3497 1749 3535; x_wconf 81' lang='lat' dir='ltr'>debite,</span> <span class='ocrx_word' id='word_1_1342' title='bbox 1769 3505 1797 3527; x_wconf 86' lang='lat' dir='ltr'>ut</span> <span class='ocrx_word' id='word_1_1343' title='bbox 1811 3496 1929 3533; x_wconf 84' lang='lat' dir='ltr'>dicitur,</span> <span class='ocrx_word' id='word_1_1344' title='bbox 1948 3496 2090 3533; x_wconf 86' lang='lat' dir='ltr'>provisum</span> <span class='ocrx_word' id='word_1_1345' title='bbox 2106 3497 2212 3536; x_wconf 82' lang='lat' dir='ltr'>existit,</span> 
     </span>
    </p>

    <p class='ocr_par' dir='ltr' id='par_1_69' title="bbox 1294 3534 2351 3616">
     <span class='ocr_line' id='line_1_200' title="bbox 1331 3534 2351 3574; baseline -0.008 -3"><span class='ocrx_word' id='word_1_1346' title='bbox 1331 3538 1387 3570; x_wconf 89' lang='lat' dir='ltr'>Per</span> <span class='ocrx_word' id='word_1_1347' title='bbox 1408 3538 1604 3568; x_wconf 84' lang='lat' dir='ltr'>Procuratores</span> <span class='ocrx_word' id='word_1_1348' title='bbox 1626 3536 1707 3573; x_wconf 81' lang='lat' dir='ltr'>ipsius</span> <span class='ocrx_word' id='word_1_1349' title='bbox 1727 3535 1884 3566; x_wconf 88' lang='lat' dir='ltr'>Cardinalis</span> <span class='ocrx_word' id='word_1_1350' title='bbox 1903 3534 2014 3571; x_wconf 89' lang='lat' dir='ltr'>adipisci</span> <span class='ocrx_word' id='word_1_1351' title='bbox 2030 3559 2039 3571; x_wconf 82' lang='lat'>‚</span> <span class='ocrx_word' id='word_1_1352' title='bbox 2056 3534 2242 3574; x_wconf 86' lang='lat' dir='ltr'>adeptamque</span> <span class='ocrx_word' id='word_1_1353' title='bbox 2257 3539 2351 3568; x_wconf 79' lang='lat' dir='ltr'>conti-</span> 
     </span>
     <span class='ocr_line' id='line_1_201' title="bbox 1294 3571 2351 3616; baseline -0.002 -9"><span class='ocrx_word' id='word_1_1354' title='bbox 1294 3588 1397 3616; x_wconf 87' lang='lat' dir='ltr'>nuare,</span> <span class='ocrx_word' id='word_1_1355' title='bbox 1417 3584 1529 3607; x_wconf 90' lang='lat' dir='ltr'>necnon</span> <span class='ocrx_word' id='word_1_1356' title='bbox 1541 3574 1678 3613; x_wconf 61' lang='lat' dir='ltr'>Fructus,</span> <span class='ocrx_word' id='word_1_1357' title='bbox 1696 3573 1756 3609; x_wconf 83' lang='lat' dir='ltr'>&amp;c.</span> <span class='ocrx_word' id='word_1_1358' title='bbox 1770 3580 1851 3612; x_wconf 75' lang='lat' dir='ltr'>prout</span> <span class='ocrx_word' id='word_1_1359' title='bbox 1863 3576 1892 3602; x_wconf 85' lang='lat' dir='ltr'>in</span> <span class='ocrx_word' id='word_1_1360' title='bbox 1905 3571 2031 3612; x_wconf 67' lang='lat' dir='ltr'>qusmoa&#39;i</span> <span class='ocrx_word' id='word_1_1361' title='bbox 2046 3574 2077 3603; x_wconf 88' lang='lat' dir='ltr'>de</span> <span class='ocrx_word' id='word_1_1362' title='bbox 2093 3576 2222 3604; x_wconf 82' lang='lat' dir='ltr'>Licentia</span> <span class='ocrx_word' id='word_1_1363' title='bbox 2236 3578 2351 3613; x_wconf 54' lang='lat' dir='ltr'>Litoris„</span> 
     </span>
    </p>

    <p class='ocr_par' dir='ltr' id='par_1_70' title="bbox 1332 3614 1552 3647">
     <span class='ocr_line' id='line_1_202' title="bbox 1332 3614 1552 3647; baseline -0.023 0"><span class='ocrx_word' id='word_1_1364' title='bbox 1332 3617 1366 3647; x_wconf 92' lang='lat' dir='ltr'>In</span> <span class='ocrx_word' id='word_1_1365' title='bbox 1381 3617 1459 3646; x_wconf 88' lang='lat' dir='ltr'>cu&#39;us</span> <span class='ocrx_word' id='word_1_1366' title='bbox 1492 3614 1552 3644; x_wconf 89' lang='lat' dir='ltr'>&amp;c.</span> 
     </span>
    </p>

    <p class='ocr_par' dir='ltr' id='par_1_71' title="bbox 1368 3626 2230 3691">
     <span class='ocr_line' id='line_1_203' title="bbox 1368 3626 2230 3691; baseline -0.003 -7"><span class='ocrx_word' id='word_1_1367' title='bbox 1368 3626 1456 3687; x_wconf 63' lang='lat' dir='ltr'>Teite</span> <span class='ocrx_word' id='word_1_1368' title='bbox 1465 3638 1553 3691; x_wconf 84' lang='lat' dir='ltr'>’Rege</span> <span class='ocrx_word' id='word_1_1369' title='bbox 1565 3650 1640 3689; x_wconf 82' lang='lat' dir='ltr'>apud</span> <span class='ocrx_word' id='word_1_1370' title='bbox 1652 3649 1875 3689; x_wconf 81' lang='lat' dir='ltr'>Yeshampstede</span> <span class='ocrx_word' id='word_1_1371' title='bbox 1884 3673 1893 3688; x_wconf 84' lang='lat'>,</span> <span class='ocrx_word' id='word_1_1372' title='bbox 1912 3649 2027 3688; x_wconf 82' lang='lat' dir='ltr'>Quarto</span> <span class='ocrx_word' id='word_1_1373' title='bbox 2040 3649 2085 3680; x_wconf 92' lang='lat' dir='ltr'>die</span> <span class='ocrx_word' id='word_1_1374' title='bbox 2102 3649 2230 3690; x_wconf 90' lang='lat' dir='ltr'>Augusti.</span> 
     </span>
    </p>
   </div>
   <div class='ocr_carea' id='block_1_41' title="bbox 1797 3726 2246 3765">
    <p class='ocr_par' dir='ltr' id='par_1_72' title="bbox 1797 3726 2246 3765">
     <span class='ocr_line' id='line_1_204' title="bbox 1797 3726 2246 3765; baseline 0.004 -8"><span class='ocrx_word' id='word_1_1375' title='bbox 1797 3730 1851 3757; x_wconf 75' lang='lat' dir='ltr'>Par</span> <span class='ocrx_word' id='word_1_1376' title='bbox 1865 3729 1957 3757; x_wconf 82' lang='lat' dir='ltr'>Breve</span> <span class='ocrx_word' id='word_1_1377' title='bbox 1972 3726 2004 3757; x_wconf 79' lang='lat' dir='ltr'>de</span> <span class='ocrx_word' id='word_1_1378' title='bbox 2016 3728 2136 3757; x_wconf 81' lang='lat' dir='ltr'>Privato</span> <span class='ocrx_word' id='word_1_1379' title='bbox 2149 3726 2246 3765; x_wconf 80' lang='lat' dir='ltr'>Sigillo.</span> 
     </span>
    </p>
   </div>
   <div class='ocr_carea' id='block_1_42' title="bbox 1814 4023 1885 4062">
    <p class='ocr_par' dir='ltr' id='par_1_73' title="bbox 1814 4023 1885 4062">
     <span class='ocr_line' id='line_1_205' title="bbox 1814 4023 1885 4062; baseline 0.014 -1"><span class='ocrx_word' id='word_1_1380' title='bbox 1814 4023 1885 4062; x_wconf 62' lang='lat'>(23</span> 
     </span>
    </p>
   </div>
   <div class='ocr_carea' id='block_1_43' title="bbox 2314 4029 2364 4058">
    <p class='ocr_par' dir='ltr' id='par_1_74' title="bbox 2314 4029 2364 4058">
     <span class='ocr_line' id='line_1_206' title="bbox 2314 4029 2364 4058; baseline 0 -4"><span class='ocrx_word' id='word_1_1381' title='bbox 2314 4029 2364 4058; x_wconf 53' lang='lat' dir='ltr'>Sua,</span> 
     </span>
    </p>
   </div>
  </div>
 </body>
</html>
