2561 4251
229 136 308 178 174.
659 109 1454 160 CONVENTIONE8‚
1518 108 1902 164 LITERAE,

80 212 157 244 Arm,
168 206 209 241 D,
221 208 379 250 praeftntia,
395 202 590 236 uenerabilium
602 203 735 241 Petrum,
752 204 866 248 ,Simonis
879 199 1007 241 Elienfis,
1023 197 1061 234 ὠ·
1074 197 1217 245 Johannis
1225 198 1290 243 Uly-
1327 195 1418 234 nefia,
1435 194 1531 234 Bona,
1546 197 1580 227 &
1600 196 1661 240 Res
1677 206 1887 237 quaecumque,
1903 196 2044 228 veniendo
2054 198 2092 229 ,in
2115 197 2226 229 dietum
2249 197 2297 228 Re
2336 207 2389 230 um
2401 195 2476 232 Ann-
2489 193 2539 237 D'.
2554 154 2561 242 i

101 249 186 290 1363,
225 246 382 288 gornienfis‚
400 243 600 283 Epfivpurum,
619 241 756 272 Willielmt
773 242 806 271 de
827 240 990 279 Wykeham,
1009 235 1048 272 (ἔγ
1067 236 1197 273 αἰιονιινιι,
1216 235 1284 281 libe·
1323 233 1472 279 nostrum,
1488 235 1574 272 usque
1587 233 1744 265 Civitatem
1758 235 1887 265 nostram
1900 235 2050 275 Eburum,
2064 237 2110 267 vel
2124 237 2189 268 alibi
2203 237 2251 267 ubi
2268 238 2297 268 vi
2317 238 2388 268 erint
2423 248 2436 269 1
2459 240 2479 270 6
2510 250 2531 271 aa
2556 242 2561 274 Ι

80 291 148 320 mv,
170 297 196 326 3.
229 291 309 318 ravit
325 287 439 331 Domino
452 285 516 327 Regi
532 285 666 327 Ilsagrium
682 279 801 316 Sigillum
806 278 903 317 fisum,
920 281 949 308 in
962 276 1080 317 quadam
1092 275 1190 313 Baga,
1208 272 1290 312 Sigil-
1322 273 1467 341 exjfedirel,
1486 272 1547 309 &a
1560 279 1642 310 prout
1656 275 1687 302 in
1701 276 1803 302 caeteris
1816 273 1848 303 de
1860 273 1996 317 ConduHu
2011 278 2124 318 Ligeris.
2150 314 2156 319 .
2442 249 2457 280 3
2480 249 2517 280 31

229 327 254 358 Io
265 318 851 398 agqujgzoellzlgzsffzgssglzcssssfflspum
876 352 1089 394 wyntoniensem
1107 353 1140 382 de
1166 348 1290 391 custadia
1324 310 1688 380 furgincfflugssgtcssasusque
1701 311 1736 342 ad
1751 311 1867 342 Festum
1881 311 1978 342 Saneti
1991 312 2065 344 Petri
2077 314 2111 345 ad
2120 313 2242 345 Vincula
2253 323 2389 355 proximo

1363 387 1433 419 Dat.
1447 388 1520 427 apud
1534 387 1840 428 Westmonasterium‚
1857 388 1974 419 decimo
1987 396 2086 427 quarto
2099 389 2146 420 die
2158 389 2266 422 Martii.

2400 279 2468 309 ,Ed-v.
2488 289 2533 318 3⁸·
2558 289 2561 307 ι

229 403 295 433 dicii
310 398 394 436 sigilli
406 404 553 433 gratanter
568 395 726 434 absolvens,
745 395 813 424 idem
828 392 949 430 Sigillum
964 392 999 422 ab
1020 403 1049 421 eo
1069 394 1165 430 recepit
1175 413 1185 429 ,
1203 388 1240 425 (ἐν
1256 388 1292 418 il-

229 440 292 477 lud,
305 437 344 478 fic
353 436 483 505 Iichlufiim
491 459 500 474 ,
510 435 628 474 praefato
641 432 766 472 Episcopo
779 431 862 463 Elien
872 443 881 459 1
890 455 900 471 ,
917 436 946 461 in
952 430 1101 470 praesentia
1109 431 1292 469 praenomina-

230 487 318 508 torum
364 487 372 504 1
391 482 503 504 erav:t.·

267 498 443 554 cQui’quidem
457 511 571 551 Elienfis
585 508 724 549 Episropus
738 510 807 539 idem
825 507 945 546 Sigillum
966 519 984 537 a
994 507 1126 546 praedidlo
1139 509 1210 543 Rege
1224 515 1292 535 rece-

226 557 271 594 pit
281 577 289 592 ,
309 550 346 587 ὠν
361 556 564 582 Sacramentum
573 550 653 587 suum
662 572 671 586 ,
691 550 722 578 de
736 547 829 587 Officio
844 545 1008 577 Cancellarii
1015 545 1138 588 fideliter
1145 544 1274 585 faciendo
1282 566 1292 581 ,

233 593 306 622 modo
320 591 409 621 debito
424 589 462 625 ᾤ’
476 588 610 627 consueto,
626 587 772 626 praestitit,
791 585 829 620 (ᾤ’
844 585 963 623 Sigillum
979 584 1050 615 illud
1054 583 1144 623 ficum
1158 581 1293 623 deferens,

232 632 275 660 die
299 633 404 659 Martis
413 652 422 665 ,
444 627 566 666 proximo
585 626 713 666 fiquente
738 624 885 661 (videlicet)
906 627 958 654 xxi
983 625 1024 654 die
1047 623 1205 660 Februarii,
1221 621 1295 660 apud

235 667 509 709 westmonasterium,
528 665 567 700 (ly
580 669 609 694 in
623 667 642 697 S
651 675 669 695 E
680 674 702 695 D
713 674 731 695 E
751 663 789 694 Μ
797 674 817 694 Α
827 673 850 694 R
861 671 887 693 M
896 673 916 693 o
926 673 948 693 R
960 672 978 693 tt,
990 662 1072 701 A,ubi
1080 659 1297 728 Cancellariisfi’-

233 709 295 738 dere
305 707 374 747 sunt
389 706 500 745 afflieti,
511 704 625 745 fidens,
643 705 745 733 diHam
766 706 872 739 Bagam
893 704 1010 741 aperiri,
1025 700 1063 736 ὠ
1086 701 1155 730 idem
1174 698 1242 737 Sigil
1252 710 1296 729 um

234 747 295 776 insle
314 746 444 782 extrahi,
462 743 500 779 ὠ·
519 747 639 781 Car-tas,
654 745 768 772 Literas
788 743 936 779 Parentes,
962 751 993 770 ac
1009 748 1104 778 parva
1126 742 1252 777 Brevia,
1267 742 1296 767 in

230 784 379 825 praesentia
397 783 555 813 clericorum
570 780 747 812 Cancellariae
759 780 897 819 praedie‘i‘ae
907 803 918 819 ,
936 778 1165 819 confignarifecit.

1788 468 1843 496 Per
1859 464 1942 505 ipsum
1960 468 2057 505 Regem
2075 463 2113 500 ὀ·
2128 467 2281 499 Concilium.

1329 542 1505 587 Confimiles¹
1519 541 1626 573 Literas
1638 541 1729 582 Regis
1748 542 1785 574 de
1800 541 1961 574 conductu
1982 543 2087 575 habent
2102 542 2264 584 subscripti,
2281 547 2330 585 qui
2350 546 2395 578 us-

1366 591 1423 619 que
1437 579 1595 625 CiVitatem
1610 581 1796 620 praedictam,
1811 591 1845 612 ex
1860 582 1939 613 causa
1954 583 2105 621 praedicta,
2122 581 2185 613 sunt
2198 586 2325 624 venturi,
2339 595 2395 624 pro

1366 621 1404 651 Se
1417 621 1450 652 ὃς
1470 619 1598 663 Personis
1609 619 1783 663 subscriptis,
1802 630 1851 660 per
1872 621 1952 651 idem
1972 630 2082 661 tempus
2101 619 2259 661 duraturas,
2279 623 2330 655 sub
2347 634 2393 656 ea-

1366 660 1435 691 dem
1450 658 1541 696 Data,
1557 657 1707 696 Videlicet,

1333 739 1470 767 Patricius
1485 734 1624 775 Episcopus
1641 734 1839 775 Brechinenfis,
1851 743 1900 773 pro
1930 746 1944 764 e
1958 733 1997 770 ὀ·
2017 739 2118 774 Viginti
2134 736 2291 777 Equitibus.

1332 776 1462 805 Robertus
1480 777 1512 804 de
1531 776 1640 810 Erskyn
1660 774 1758 812 Miles,
1772 782 1821 812 pro
1839 776 1871 803 Se
1945 775 2081 804 Sexdecim
2100 775 2257 815 Equitibus.

1332 813 1436 844 Abbas
1450 814 1482 843 a'e
1496 812 1734 852 Dumfermelyne,
1746 821 1797 851 pro
1813 815 1846 842 Se
1864 811 1903 848 &¹
1920 812 2064 842 Duodecim
2082 815 2237 852 Equitibus.

1333 853 1352 872 ²*
1364 851 1496 926 Zagsgr
1506 852 1650 919 galtezus
1662 853 1695 882 de
1707 850 1884 891 Wardlawe,
1898 851 2117 881 Archidiaconus
2128 854 2294 892 Madame,
2307 863 2355 894 pro
2364 856 2396 883 Se

1476 901 1490 919 o
1553 894 1604 920 uiti
1623 900 1661 919 us.

1333 932 1509 960 Normannus
1525 901 1556 958 Ze
1571 928 1678 968 Lefley,
1688 936 1739 967 pro
1757 932 1791 958 Se
1808 927 1847 964 ὠ·
1865 929 1933 957 Οέῖυ
1950 927 2109 968 Equitibus.

1334 968 1480 1036 Jolqznnes
1496 968 1528 998 de
1546 967 1670 1007 Carryk,
1694 970 1839 997 canonicus
1855 966 1988 1007 Glasguen
1999 977 2039 1005 rs,
2059 975 2108 1006 pro
2125 968 2159 996 Se
2175 965 2220 1002 &z
2239 969 2292 996 Sex
2309 968 2397 1007 Equi-

1372 1014 1396 1036 ti
1415 1017 1455 1037 us.

2415 886 2436 907 ²*
2455 889 2507 917 v1.

235 912 398 946 ‘Ti-aflatus
431 909 589 956 Hispanici
624 907 815 952 Confirmatio
846 908 964 949 altera,
1000 905 1179 947 liberanda,
1198 905 1297 950 juxta
2410 935 2468 963 405

283 960 463 994 Articulum
491 957 623 1004 ejusdem
644 957 827 998 Traffhztus,
855 954 979 999 Castellae
1004 957 1097 1002 Regi,
1129 963 1185 986 aut
1205 954 1301 986 [Vun-

282 1014 335 1043 ciis
373 1013 439 1051 uis,
464 1011 541 1040 inter
565 1009 710 1039 Baionam
733 1008 770 1043 ὢν
796 1006 920 1037 Fontem
944 1000 1089 1036 Rabiam.

88 1100 165 1132 Arm.
179 1098 222 1130 D.
239 1094 455 1158 EDwaidus,
475 1092 533 1122 Dei
554 1092 658 1130 gratia,
685 1091 751 1122 Rex
774 1089 903 1128 Angliae,
926 1089 1073 1120 Dominus
1091 1086 1242 1118 Hiberniae
1265 1085 1299 1116 &

110 1139 195 1178 1363.
315 1134 486 1172 Aquitaniae,
503 1132 560 1162 Ab
578 1136 838 1162 PERPETUAM
856 1134 1100 1159 MEMORIAM
1124 1126 1204 1157 Risi
1224 1124 1299 1155 GE-

86 1183 140 1207 An.
158 1188 203 1215 37.
237 1182 281 1206 ST
292 1181 331 1202 AE.

88 1222 118 1245 Ε.
143 1227 167 1254 3.
273 1212 371 1242 Sciant
383 1219 484 1240 omnes
519 1207 670 1238 Praesentes
682 1207 716 1238 &
731 1205 858 1244 Posteri,
897 1205 956 1236 uod
991 1205 1097 1242 ridem,

88 1260 130 1283 Ex
275 1249 395 1280 Internis
414 1232 564 1279 Defitieriis
584 1246 746 1277 affeCiantes
766 1245 837 1274 inter
893 1254 942 1280 os,
995 1253 1123 1282 egnum,
1143 1241 1302 1280 Dominia,

87 1302 152 1331 mgr.
239 1288 395 1325 Heredes,
411 1288 444 1318 &
460 1285 593 1317 Subditos
615 1284 724 1322 nostra,
742 1293 795 1321 ac,
821 1281 874 1312 Ma
894 1282 1014 1313 nificum
1033 1282 1214 1319 Principem,
1234 1280 1302 1311 Do-

239 1329 351 1358 minum
368 1326 501 1363 Petrum,
517 1323 647 1354 Castellae
665 1324 698 1355 &
713 1321 848 1360 Legionis
898 1330 980 1361 egem
995 1321 1152 1358 illustrem,
1171 1319 1303 1350 Consan-

235 1368 370 1406 guineuin
386 1365 515 1395 nostrum
535 1361 728 1400 carissimum,
746 1359 855 1399 ejusque
877 1359 979 1399 Regna
999 1361 1033 1391 &
1054 1359 1212 1396 Dominia,
1228 1357 1301 1388 Hae-

237 1406 331 1442 redes,
346 1403 495 1439 Subditos,
513 1402 546 1433 &
562 1401 713 1438 Vassallos,
734 1398 918 1430 Pristinarum
939 1398 1111 1429 Dilefflonis
1131 1398 1165 1428 δε
1187 1397 1300 1427 Amici-

237 1445 302 1482 tiae,
320 1453 384 1482 quae
396 1444 467 1473 inter
483 1440 551 1471 Nos
563 1441 596 1471 &
610 1439 808 1479 progenitores
822 1437 950 1476 nostros,
969 1437 1036 1467 hinc
1052 1437 1085 1468 &
1108 1435 1191 1474 inde,
1209 1447 1223 1467 a
1235 1435 1299 1466 lon-

237 1484 279 1522 gis
294 1484 370 1512 retro
384 1481 560 1519 temporibus
573 1478 704 1515 solidata,
720 1478 882 1516 viguerant,
899 1475 1017 1506 Foedera
1032 1475 1173 1513 renovari,

278 1520 382 1551 Certos
402 1520 554 1550 Tradimus
578 1516 867 1548 confoederationum
884 1537 893 1553 ,
915 1514 1106 1553 pactionum,
1123 1512 1306 1543 Conventio-

238 1570 330 1597 num,
362 1558 595 1597 Alligantiarum,
620 1555 793 1593 Pa&orum‚
819 1553 1034 1592 Amicitiarum,
1061 1552 1305 1591 Promiffionum,

239 1599 285 1630 seii
302 1598 500 1637 ligaminum,

278 1637 350 1675 Per,
367 1636 490 1665 dilectos
503 1635 536 1665 &
553 1633 645 1664 fideles
660 1631 788 1670 nostrOS,
806 1630 1003 1661 Guillielmum
1020 1629 1185 1660 Dominum
1201 1629 1237 1660 de
1251 1629 1304 1660 La-

240 1683 251 1706 t
273 1685 332 1706 mer
351 1674 476 1704 Militem
492 1674 524 1703 &
538 1672 693 1710 Batonem,
712 1680 744 1701 ac
755 1670 918 1708 johannem
942 1669 978 1699 de
992 1668 1094 1699 Stretle
1110 1668 1220 1709 Legum
1238 1668 1306 1698 Do·

242 1684 354 1745 Acrem
380 1713 533 1744 Decanum
560 1710 808 1748 Lincolniensem,
834 1709 1030 1739 Procuratores
1050 1707 1178 1745 nostros,
1204 1707 1304 1737 nostro

241 1754 376 1790 nomine,
393 1761 425 1781 ac
441 1750 573 1782 Edwardi
588 1749 728 1787 Principis
744 1748 904 1786 Aquitaniae
928 1747 960 1777 &
979 1745 1094 1777 Walliae
1116 1746 1307 1785 primogeniti

242 1790 330 1822 nostri
345 1789 494 1828 carissimi,
516 1798 548 1819 ac
567 1787 744 1824 Haeredum,
762 1788 796 1817 ὃ(
816 1785 1018 1816 Successorum
1031 1784 1211 1824 nostrorum,
1230 1785 1307 1814 inhi-

243 1839 304 1868 tos,
321 1829 492 1867 Ordinatos,
507 1837 540 1858 ac
561 1826 680 1864 Faetos,
700 1834 768 1856 cum
787 1823 945 1854 Nobilibus
968 1823 994 1853 V
997 1824 1056 1861 iris,
1076 1823 1193 1854 Didaco
1212 1822 1306 1854 Sancii

243 1870 279 1900 de
299 1869 443 1907 Torragar
463 1869 478 1884 ¹*
494 1865 608 1903 Milite,
625 1865 658 1896 &
678 1864 784 1895 Alvaro
805 1863 898 1893 Sancii
919 1862 954 1892 de
975 1862 1088 1892 Cueller
1107 1861 1259 1892 Bacallario
1277 1863 1308 1893 in

1338 1125 1444 1181 Literae
1468 1149 1556 1193 Regis
1586 1148 1717 1180 Franciae
1733 1147 1827 1192 fhper
1849 1145 2000 1179 Traffam
2017 1171 2028 1187 ,
2063 1144 2100 1179 de
2119 1143 2277 1190 Obsidibus
2299 1158 2399 1181 retra-

1704 1193 1828 1238 hendis,
1851 1193 2010 1228 antedifto.
2396 1189 2400 1193 Δ

159 1259 218 1283 ΑΜ.
1767 1281 1826 1316 Ad
1847 1285 1966 1331 Regem.

1373 1368 1664 1399 TRESCHERE
1690 1371 1754 1400 ET
1771 1370 2007 1400 TRESAME
2033 1370 2211 1407 FRERE,

1389 1444 1452 1476 Ous
1465 1455 1554 1491 avons
1566 1446 1742 1485 Conferme,
1760 1457 1809 1486 par
1823 1454 1883 1477 noz
1899 1446 2007 1478 Lettres
2023 1445 2180 1486 Ouvertes,
2197 1445 2276 1477 faites
2288 1444 2333 1477 sur
2347 1455 2398 1485 ce,
2417 1458 2484 1491 An„
2507 1459 2548 1493 D·

1407 1483 1433 1513 le
1461 1484 1589 1524 Trame,
1614 1486 1848 1517 darrenierement
1869 1485 1934 1523 fait,
1961 1484 2003 1516 sur
2023 1486 2050 1516 la
2067 1485 2242 1517 Deliurance
2267 1485 2304 1516 de
2339 1495 2399 1517 noz
2439 1510 2452 1530 ι
2476 1484 2494 1528 6’
2538 1484 2548 1494 ⁰

1337 1520 1493 1592 LiI'reBschcrs
1506 1525 1622 1594 grgrel}
1634 1524 1658 1555 F
1659 1525 1716 1594 ἰίζὸ
1731 1525 1765 1556 &
1785 1522 1912 1563 Cousin,
1929 1525 1967 1555 les
1988 1523 2060 1555 Dux
2078 1524 2239 1564 d'Orliens,
2255 1523 2401 1565 d’Anjou,
2419 1509 2473 1566 An3
2488 1508 2539 1576 33⁷²

1359 1571 1374 1591 e
1411 1571 1488 1601 erry,
1572 1574 1588 1594 e
1625 1573 1675 1594 our
1717 1574 1736 1594 n
2466 1559 2472 1566 '
2525 1559 2534 1567 ⁸

1376 1599 1503 1645 Excepte
1537 1612 1588 1641 ue,
1605 1613 1641 1632 en
1656 1603 1710 1633 lieu
1725 1587 1764 1634 d'u
1778 1601 1875 1633 Conte
1888 1601 1924 1632 de
1938 1601 2098 1642 Grantpre,
2118 1602 2158 1634 du
2171 1601 2234 1634 Sire
2247 1601 2284 1633 de
2297 1601 2383 1634 Clere
2421 1581 2451 1605 E.
2473 1586 2500 1614 3*
2531 1617 2550 1631 -ι

1339 1637 1374 1669 &
1388 1639 1426 1683 du
1439 1639 1498 1670 Sire
1511 1612 1659 1672 ‹i‘Audesei
1674 1643 1750 1686 (qui,
1769 1651 1817 1679 par
1829 1641 1856 1671 le
1867 1640 1978 1684 Traitie
1991 1641 2084 1672 deffus
2097 1641 2157 1679 dit,
2175 1641 2312 1673 devoient
2329 1626 2403 1674 estre
2420 1617 2543 1692 ΞΥΔ*

1340 1676 1484 1715 Deliures)
1512 1679 1600 1710 Nous
1619 1680 1751 1710 voulions
1770 1678 1843 1710 estre
1867 1677 2005 1710 Deliurez
2038 1679 2134 1711 nostre
2155 1679 2265 1711 Cousin
2307 1679 2403 1712 Pierre
2478 1674 2486 1682 ⁸
2543 1703 2546 1706 -

1339 1715 1520 1756 d'Alencon,
1537 1718 1588 1763 βε,
1606 1728 1664 1748 noz
1677 1728 1760 1750 amez
1772 1719 1806 1749 &
1824 1717 1935 1757 feaulx,
1953 1718 1980 1749 le
1999 1702 2098 1749 Conte
2116 1718 2239 1751 Dauffin
2258 1704 2402 1752 cf'Auver-

1341 1763 1415 1794 gne,
1433 1756 1466 1787 &
1480 1756 1506 1786 le
1517 1757 1578 1788 Sire
1591 1757 1627 1787 de
1642 1756 1763 1798 Coucy,

1378 1793 1415 1825 Et
1431 1805 1502 1826 vous
1514 1806 1586 1827 nous
1598 1798 1689 1835 requis
1704 1797 1737 1827 ὅ(
1753 1797 1829 1835 prie,
1846 1804 1895 1834 par
1908 1805 1981 1827 nous
1993 1795 2116 1834 Lettres,
2133 1796 2225 1827 moult
2233 1796 2406 1828 Aflectueu-

1342 1832 1464 1872 sement,
1483 1835 1516 1865 &
1538 1836 1630 1866 moult
1643 1835 1679 1867 de
1699 1834 1797 1874 Cuer,
1820 1844 1875 1873 que
1895 1845 1911 1866 a
1930 1844 1966 1865 ce
1987 1844 2059 1866 vous
2080 1844 2152 1867 vous
2172 1834 2316 1873 vouffiez‚
2331 1845 2406 1875 poui-

95 1877 113 1893 o
134 1876 186 1904 VI.
1342 1870 1454 1903 Amour
1466 1872 1502 1903 de
1516 1868 1618 1913 Nous,
1635 1875 1785 1906 consentit.

94 1925 162 1951 404-

245 1907 392 1945 Decretis,
408 1906 510 1946 Jiidice
525 1903 642 1941 Curiae,
661 1904 694 1934 &
715 1901 876 1933 Audientiae
898 1900 1016 1937 Maioris
1037 1901 1171 1931 Generali
1187 1901 1308 1932 Audito-

245 1957 293 1985 re,
311 1947 421 1986 praefati
436 1945 523 1983 Regis
538 1942 669 1974 Castellae
685 1943 718 1973 &
734 1941 868 1976 Legionis
884 1940 1130 1971 Ambaxi'atoribus
1145 1950 1177 1970 ac
1198 1940 1308 1970 Procu-

245 1986 398 2024 ratoribus,
424 1984 457 2015 ad
479 1985 536 2014 hoc
556 1982 675 2013 Plenam
700 1973 876 2011 potestatem
898 1979 1080 2017 habentibus,
1097 1980 1156 2009 tam
1180 1988 1231 2017 pro
1255 1978 1311 2018 Se,

244 2025 331 2066 qua-m
347 2023 518 2054 Haeredibus
534 2022 566 2053 ὃ(
586 2018 813 2057 Successoribus,
830 2018 957 2058 Regnis,
973 2017 1140 2057 Dominiis,
1157 2017 1190 2048 &
1206 2017 1311 2048 Subdi-

239 2065 274 2096 tis
289 2065 339 2093 iuis

281 2085 411 2132 Vidi⁷mus
424 2100 456 2130 ὃς
470 2098 654 2130 intelleximus
668 2095 833 2136 diligenter,

281 2140 395 2180 Qiibus
415 2138 498 2177 plena
518 2136 775 2174 circumspectione
795 2137 828 2167 &
851 2134 959 2165 matura
978 2134 1178 2165 deliberatione
1202 2134 1311 2165 intelle-

243 2179 316 2218 ἃίς,
334 2189 365 2210 ea
381 2179 477 2208 omnia
498 2177 532 2208 &
549 2176 655 2213 singula
676 2174 737 2205 tota
759 2175 860 2204 mentis
878 2174 1023 2204 securitate
1043 2173 1257 2212 amplefflmur,
1276 2184 1310 2204 ac

244 2218 321 2250 Rata
336 2220 369 2250 &
387 2217 477 2247 Grata
498 2216 631 2246 habentes
651 2214 864 2251 acceptavimus
885 2222 957 2252 puro
978 2212 1082 2250 corde,
1103 2212 1247 2242 Tenentes
1269 2213 1312 2242 in-

246 2257 333 2288 dubie
347 2255 427 2297 quod
443 2266 492 2293 ea,
513 2264 578 2293 quae
600 2253 774 2283 Discretioni
794 2252 839 2282 seii
860 2251 1006 2282 industriae
1028 2251 1250 2289 prae‘dicmrum,
1268 2251 1314 2281 vel

244 2306 347 2328 eorum
362 2294 526 2332 cujussibet,
541 2295 570 2323 in
592 2290 756 2330 praemissis,
772 2291 887 2321 fuiffent
906 2289 1071 2321 Commissa
1092 2289 1189 2329 Legali
1209 2289 1311 2320 Provi-

244 2336 322 2368 fione
331 2357 340 2372 ,
358 2333 529 2364 laudabiliter
541 2330 694 2369 adimplere
707 2338 843 2360 curarent.

281 2373 408 2410 Verum,
433 2371 514 2410 quia,
538 2371 609 2400 inter
629 2376 746 2399 caeteros
767 2367 909 2398 Articulos
931 2367 1078 2398 dictorum
1099 2366 1309 2407 Tractatuum,

243 2412 377 2444 novimus
392 2409 544 2448 specialiter
556 2408 712 2443 contineri,
729 2408 808 2446 quod
824 2406 908 2444 Nos,
926 2407 954 2435 in
972 2405 1090 2443 Propria
1103 2405 1223 2436 Persona
1233 2429 1241 2442 ,

284 2449 446 2480 Astantibus
459 2447 628 2478 Consiliariis
642 2445 757 2484 nostris,
776 2445 914 2482 Psalmis,
935 2443 1122 2483 Proceribus,
1140 2443 1309 2483 Nobilibus,

243 2489 278 2521 ὃς
293 2489 366 2527 aliis,
386 2487 481 2526 Regni
498 2488 531 2518 &
544 2485 755 2515 Dominiorum
770 2483 952 2521 nostrorum,

285 2527 384 2557 Dictas
409 2525 590 2565 Alligantias,
606 2523 929 2560 Confoederationes,&
950 2522 1100 2552 Amicitias
1122 2521 1313 2561 laudaremus,

245 2567 280 2598 &
292 2566 370 2603 super
385 2566 436 2594 hiis
454 2564 577 2600 Literas,
593 2561 692 2593 nostro
707 2562 808 2599 Sigillo
829 2562 967 2599 munitas,
983 2562 1051 2592 citra
1073 2560 1187 2590 Festum
1205 2560 1312 2592 Resur-

245 2605 381 2636 refflonis
413 2603 585 2633 Dominicae
599 2624 609 2639 ,
632 2601 767 2639 proximo
786 2609 938 2630 venturum
953 2622 962 2637 ,
988 2599 1124 2638 praediCto
1145 2599 1239 2639 Regi,
1266 2600 1313 2631 vel

244 2642 281 2674 N
285 2644 372 2673 unciis
386 2642 451 2679 suis,
468 2642 541 2671 inter
554 2639 688 2680 Baionam
703 2639 735 2669 &
755 2638 877 2669 Fontem
894 2638 1036 2675 Rabiam,
1054 2638 1089 2669 ad
1111 2637 1220 2669 easdem
1240 2640 1311 2669 reci-

245 2681 361 2723 piendas
382 2679 554 2711 potestatem
576 2678 743 2709 habentibus
756 2700 766 2716 ,
791 2677 862 2707 tradi
882 2676 926 2706 seu
947 2676 1057 2706 liberari
1079 2677 1184 2707 realiter
1205 2677 1315 2708 facere-

242 2731 308 2753 mus

283 2743 415 2795 Idcirco,
439 2756 589 2788 astantibus
613 2754 754 2792 Praelatis,
779 2753 967 2790 proceribus,
991 2751 1179 2792 Consiliaiiis,
1205 2765 1239 2785 ac
1256 2755 1313 2785 aliis

243 2797 424 2834 Nobilibus,
444 2797 478 2827 ὃς
496 2795 619 2825 Civibus
640 2793 739 2830 Regni
755 2793 788 2823 &
806 2792 1016 2822 Dominiorum
1037 2791 1216 2829 nostrorum,
1235 2793 1311 2824 Tra-

242 2837 351 2876 ἂειωε,
377 2834 666 2871 Confoederationes,
693 2832 794 2870 Ραξὶε,
818 2830 1051 2868 Conventiones,
1076 2830 1251 2870 Alligantias,
1270 2833 1311 2863 A-

244 2876 379 2913 micitias,
396 2873 567 2910 pactiones,
586 2870 792 2908 Conditiones,
811 2869 1028 2908 Promiffiones,
1044 2868 1179 2907 Foedera,
1193 2871 1309 2909 &quae-

244 2923 372 2952 cumque
390 2912 539 2953 Ligamina
554 2909 724 2950 supradieta‚
742 2909 879 2939 Nomine
896 2908 995 2938 nostro
1031 2917 1063 2937 ac
1079 2907 1257 2947 Haeredum,
1275 2910 1309 2940 &

243 2951 446 2984 Successorum
460 2949 641 2988 nostrorum,
659 2959 709 2986 per
729 2947 908 2986 saepediems,
926 2931 1126 2977 Guilsielmum
1151 2948 1183 2978 &
1200 2947 1310 2985 johan-

244 3000 333 3029 nem,
352 2999 421 3021 cum
443 2989 622 3025 memoratis,
643 2987 758 3017 Didaco
779 2987 813 3017 &
835 2986 957 3024 Alvam,
980 2985 1130 3023 Trac‘tata,
1155 2985 1311 3026 ominata,

244 3029 416 3066 Conventa,
434 3026 541 3065 Inhita,
557 3027 602 3057 seu
618 3026 679 3056 alias
691 3026 832 3065 Dispoiita
844 3026 872 3054 in
887 3023 1048 3061 praemiffis,
1066 3023 1128 3053 Ore
1137 3023 1232 3063 Regio
1247 3025 1309 3062 Ap-

243 3068 398 3109 probamus
411 3089 418 3104 ,
436 3066 611 3103 Laudamus,
628 3074 741 3096 necnon
755 3063 941 3093 Praesentibus
953 3063 1184 3099 Confirmamus,

283 3107 330 3137 Ac
342 3107 426 3136 etiam
441 3103 654 3141 Promittimus,
671 3113 725 3141 pro
742 3102 840 3132 Nobis
860 3103 893 3133 &
909 3101 1080 3131 Haeredibus
1095 3100 1214 3138 nostris,
1229 3101 1309 3132 Prae-

246 3145 328 3176 missa
339 3144 437 3175 omnia
450 3144 482 3174 δε
495 3143 597 3181 singula
610 3144 749 3180 perpetuo
763 3141 897 3177 Tenere,
912 3141 946 3171 &
963 3150 1024 3170 non
1047 3139 1249 3170 Contrasacere
1264 3141 1309 3170 vel

243 3186 342 3215 venire
358 3193 406 3221 per
420 3182 454 3212 N
457 3192 503 3212 os,
521 3181 566 3211 vel
580 3181 678 3211 Alium
691 3181 736 3210 seu
750 3180 846 3217 Alios,
861 3179 898 3209 set
914 3189 946 3209 ca
960 3178 1077 3208 firmiter
1093 3178 1125 3208 &
1138 3177 1235 3215 illaesa,
1256 3178 1308 3207 sic-
1350 3208 1359 3209 ἶ

242 3231 276 3253 ut
290 3224 319 3252 in
335 3222 438 3252 Literis
449 3220 593 3250 diiiorum
610 3220 792 3258 Ligaminum
807 3219 853 3249 seu
868 3217 1042 3249 Paetionum
1057 3216 1166 3256 plenius
1185 3216 1310 3247 noscitur

244 3262 408 3299 contineri,
424 3259 620 3290 inviolabiliter
635 3258 791 3288 observare.

282 3338 317 3368 Iri
332 3347 456 3377 quorum
470 3337 602 3367 omnium
618 3334 833 3365 Testimonium
852 3332 997 3372 praesentes
1011 3331 1120 3363 nostras
1133 3331 1237 3362 Literas
1250 3330 1309 3362 fieri

244 3377 368 3408 fecimus
383 3377 530 3414 Patentes,
549 3374 661 3413 Magno
675 3373 772 3411 Sigillo
789 3372 887 3403 nostro
900 3372 1081 3410 consignatas-

282 3415 352 3446 Dat.
366 3417 395 3445 in
411 3415 517 3446 Palatio
534 3413 625 3451 Regis
635 3411 764 3443 Westm.
780 3412 875 3449 primo
889 3412 934 3442 die
950 3410 1058 3441 Martii.

1378 1910 1419 1955 Et
1434 1921 1493 1942 noz
1507 1913 1555 1943 diz
1570 1914 1671 1952 Frere,
1690 1914 1770 1953 Filz,
1789 1913 1824 1944 &
1842 1910 1951 1944 Coufin
1964 1911 2000 1942 de
2013 1911 2150 1943 Bourbon
2164 1911 2255 1943 Nous
2269 1920 2320 1943 ont
2336 1911 2408 1943 Res-

1344 1958 1417 1994 cript
1429 1961 1485 1991 que
1499 1962 1571 1983 vous
1585 1964 1622 1984 ne
1636 1952 1724 1984 l'avez
1738 1953 1806 1984 volu
1821 1951 1904 1990 faire,
1921 1951 1957 1982 de
1964 1952 2034 1990 quoi
2048 1960 2121 1982 nous
2134 1950 2225 1981 fomes
2236 1951 2410 1982 moultmer-

1343 1988 1480 2027 veilleux,
1500 2000 1619 2022 comme
1636 2002 1705 2022 nous
1719 2002 1755 2022 ne
1768 1991 1884 2023 audions
1898 1991 1956 2020 mie
1977 1999 2050 2029 que,
2065 1989 2103 2020 de
2122 1990 2143 2021 fi
2162 1990 2234 2029 petit
2251 1989 2288 2021 de
2307 1990 2411 2030 chose,

1344 2027 1427 2058 Vous
1440 2029 1529 2060 Nous
1541 2030 1649 2061 duffiez
1660 2031 1746 2061 faillir.

1382 2067 1593 2108 Neamnmtns,

1381 2105 1462 2150 .P⁰u¹'
1478 2110 1618 2147 acomplir
1632 2107 1724 2139 vestre
1735 2107 1868 2145 volente,
1886 2106 1919 2138 δε
1934 2115 2006 2143 pour
2020 2115 2055 2137 ce
2067 2115 2123 2144 que
2143 2115 2216 2136 nous
2230 2115 2267 2136 ne
2286 2105 2410 2138 voulons

1347 2153 1405 2175 mie
1419 2156 1492 2186 que,

1345 2183 1426 2223 Filz,
1444 2187 1478 2217 ἃ
1550 2158 1581 2178 ur
1595 2148 1615 2178 si
1629 2148 1697 2185 petit
1710 2147 1747 2178 de
1760 2146 1861 2183 chose,
1876 2145 1901 2176 la
1918 2144 2092 2176 Deliurance
2103 2144 2141 2175 de
2153 2153 2215 2175 noz
2229 2144 2290 2175 ditz
2302 2145 2408 2186 prere,

1544 2187 1601 2217 usin
1617 2187 1669 2217 soit
1682 2185 1847 2224 empeschee
1861 2194 1897 2214 ne
1911 2183 2050 2222 retardee‚

1384 2223 1473 2254 Nous
1486 2235 1573 2256 avons
1588 2225 1636 2256 fait
1645 2224 1758 2255 Resaire
1773 2232 1832 2254 noz
1844 2223 1914 2253 dites
1921 2222 2050 2260 Lettres,
2067 2221 2146 2252 faites
2159 2231 2208 2260 par
2222 2221 2248 2252 la
2262 2221 2320 2253 dite
2327 2221 2411 2253 Con-

1348 2261 1508 2301 firmation,
1525 2274 1560 2295 en
1575 2265 1755 2295 confermans
1776 2263 1951 2302 pleinement
1970 2261 2005 2292 &
2025 2261 2216 2292 absoluement
2229 2261 2257 2292 le
2269 2260 2311 2291 dit
2325 2261 2412 2293 Trai-

1346 2309 1391 2339 te,
1410 2301 1478 2332 senz
1492 2313 1603 2334 aucune
1616 2303 1779 2339 Mutation,
1797 2302 1830 2333 ὅτ.
1843 2301 1881 2330 les
1898 2309 1985 2330 avons
1997 2301 2129 2330 envoiees
2144 2309 2177 2338 a,
2194 2308 2254 2330 noz
2270 2308 2353 2330 amez
2373 2300 2409 2331 δε

1345 2340 1452 2379 feaulz,
1468 2342 1495 2371 le
1515 2341 1614 2373 Conte
1631 2342 1669 2373 de
1693 2341 1820 2379 Brenne,
1845 2340 1872 2370 le
1894 2339 1956 2369 Sire
1975 2338 2012 2369 de
2031 2337 2179 2378 Hangest,
2198 2338 2231 2368 &
2249 2338 2288 2369 les
2303 2345 2411 2378 autres,

1344 2388 1394 2423 par
1409 2379 1497 2410 Nous
1509 2383 1633 2413 commis
1643 2392 1659 2411 a
1675 2380 1819 2417 poursivre
1833 2379 1859 2409 la
1869 2377 2029 2418 perfefflon
2042 2378 2076 2409 &
2088 2375 2350 2416 accompliffement
2357 2376 2412 2408 du-

1345 2418 1385 2449 dit
1399 2418 1524 2460 Traitie,
1542 2420 1596 2451 afin
1610 2429 1666 2460 que
1680 2419 1700 2449 il
1714 2419 1752 2450 les
1773 2427 1843 2450 vous
1859 2417 1990 2456 baillent,
2006 2424 2094 2456 quant
2107 2415 2127 2446 il
2145 2416 2222 2446 iront
2243 2425 2305 2447 vers
2325 2414 2410 2447 vous

1343 2466 1417 2496 pour
1431 2468 1474 2489 ce.

1383 2496 1422 2526 Et
1436 2507 1470 2527 ce
1484 2508 1555 2528 vous
1570 2497 1712 2529 certifions
1725 2495 1813 2528 Nous
1827 2505 1876 2535 par
1889 2505 1937 2526 ces
1951 2493 2091 2533 presentes
2106 2492 2231 2531 Lettres;
2271 2493 2359 2532 ucles,
2373 2502 2411 2524 en

1347 2535 1601 2573 Tesmoingnance
1614 2537 1650 2568 de
1672 2547 1724 2574 ce,
1740 2535 1830 2566 Nous
1849 2544 1936 2565 avons
1956 2534 2061 2573 signees
2082 2531 2120 2562 de
2138 2532 2234 2563 nostre
2293 2532 2356 2571 ain,
2374 2532 2410 2562 ὃς

1346 2575 1437 2605 seelles
1450 2574 1484 2604 de
1498 2574 1593 2605 nostre
1608 2575 1725 2615 Signet,
1741 2574 1780 2604 du
1797 2573 1862 2612 quel
1883 2583 1954 2603 nous
1974 2571 2056 2602 usons
2074 2581 2110 2601 en
2129 2578 2222 2601 toutes
2241 2570 2279 2601 les
2299 2570 2410 2601 Lettres

1348 2624 1405 2653 que
1419 2613 1508 2643 Nous
1522 2624 1592 2645 vous
1604 2615 1753 2645 envoions.

1387 2653 1417 2683 Si
1439 2662 1510 2683 vous
1535 2654 1647 2692 prions,
1670 2650 1809 2682 Trescher
1829 2649 1931 2688 Frere,
1952 2656 2011 2679 tant
2029 2648 2064 2678 de
2085 2645 2165 2679 Cuer
2185 2657 2304 2678 comme
2321 2646 2411 2678 Nous

1350 2701 1480 2730 povonS,
1498 2701 1553 2729 que
1567 2692 1592 2721 la
1606 2692 1665 2722 dite
1681 2690 1852 2720 Deliurance
1866 2689 1902 2719 de
1923 2696 1984 2718 noz
1997 2687 2046 2717 diz
2066 2686 2166 2725 Frere,
2184 2686 2262 2726 Filz,
2281 2686 2315 2717 &
2329 2685 2413 2718 Cou-

1350 2731 1391 2762 sm
1405 2740 1441 2761 ne
1454 2730 1567 2760 vuilliez
1583 2730 1645 2767 plus
1660 2737 1760 2759 mettre
1771 2738 1806 2758 en
1819 2727 1906 2767 delay.

1347 2768 1545 2839 GTdreschere
1566 2770 1599 2801 &
1621 2767 1756 2799 Tresame
1777 2765 1880 2805 Frere,
1897 2765 1916 2796 li
1940 2764 2019 2796 Sains
2046 2763 2162 2802 Esperiz
2181 2762 2262 2794 Vous
2279 2764 2316 2795 ait
2333 2773 2371 2794 en
2384 2763 2411 2794 sa

1381 2818 1409 2838 ar
1430 2818 1456 2839 e.

1387 2845 1499 2885 Escript
1513 2856 1529 2877 a
1542 2844 1619 2876 Ville
1633 2844 1743 2876 Neuve
1758 2842 1795 2874 les
1810 2843 1946 2884 Avignon
1955 2865 1966 2882 ,
1983 2842 2010 2872 le
2021 2842 2068 2880 xiij
2081 2842 2148 2880 jour
2163 2840 2201 2872 de
2215 2839 2306 2878 Mars,

1618 2921 1707 2962 Vestre
1721 2924 1802 2951 Frere
1818 2920 1842 2949 le
1857 2921 1913 2960 Ray
1931 2918 1963 2948 de
1983 2921 2093 2949 France.

2115 2993 2168 3031 JE
2186 3001 2210 3024 H
2228 3002 2249 3024 Α
2268 3000 2305 3023 Ν.

1381 3040 1467 3072 Dors.

1381 3119 1432 3155 A,
1451 3115 1536 3156 nostre
1555 3113 1683 3168 tusc-here
1701 3110 1740 3150 ό·
1757 3110 1873 3152 trefivne
1890 3112 1990 3148 Frere,
2007 3107 2032 3138 Ie
2049 3111 2105 3148 Roy
2122 3106 2318 3145 d'Engleterre.

1347 3261 1406 3296 Ad
1437 3263 1558 3302 Duces,
1589 3257 1796 3302 Orlianenfim
1816 3283 1826 3299 ‚
1861 3252 2110 3300 Andegavense’m
2126 3279 2137 3295 ,
2171 3254 2384 3299 Bituricense’m
2393 3258 2407 3297 ,⁴

1722 3310 1759 3346 (ὁη
1784 3302 2023 3347 Burboniensem.

1382 3400 1427 3426 De
1439 3403 1493 3434 par
1512 3394 1536 3425 le
1555 3398 1627 3434 Roy,

1345 3473 1575 3542 TRCesclffrgc
1590 3471 1725 3540 {rescgne
1740 3470 1842 3508 Frere,
1860 3469 1893 3500 &
1909 3474 1981 3496 vous
1999 3464 2093 3505 Loys,
2110 3464 2263 3503 &Jehan,
2280 3465 2314 3496 &
2329 3462 2403 3494 Beau
2421 3483 2497 3515 Arm.
2509 3483 2550 3515 D„

1450 3522 1488 3542 ou
1501 3522 1528 3541 in
1563 3521 1578 3541 e
1615 3521 1666 3540 our
1689 3520 1737 3539 on.
2540 3508 2549 3516 ·

1386 3552 1473 3582 Nous
1486 3559 1574 3581 avons
1590 3548 1690 3579 Receu
1705 3558 1773 3578 unes
1789 3546 1898 3577 Lettres
1918 3540 2034 3581 Closes,
2051 3552 2107 3580 que
2128 3541 2210 3573 Vous
2229 3540 2317 3572 Nous
2335 3546 2403 3569 avez
2419 3523 2530 3588 A¹363·

1346 3591 1496 3626 envoiees,
1513 3598 1560 3626 pai·
1575 3587 1728 3624 Bonum,
1743 3585 1839 3616 nostre
1851 3581 2073 3619 Chevaucheur,
2090 3589 2225 3620 avecques
2247 3588 2285 3610 un
2307 3576 2404 3608 Roole
2417 3573 2473 3626 En·
2490 3571 2535 3599 3⁷·

1349 3629 1438 3666 Clos,
1457 3627 1535 3657 seelle
1547 3626 1582 3655 de
1596 3634 1653 3655 voz
1668 3626 1784 3663 Seaulx,
1802 3625 1835 3654 &
1851 3624 1946 3662 fignez
1961 3621 1996 3651 dc
2010 3630 2061 3651 vos
2072 3619 2188 3659 Signez:
2416 3621 2456 3665 3}
2469 3610 2533 3666 ἴα..

1387 3667 1440 3697 Par
1455 3666 1491 3695 les
1506 3665 1590 3703 quelz
1604 3665 1713 3694 Lettres
1735 3665 1767 3694 δε
1784 3663 1897 3699 Roole,
1915 3661 2003 3692 Nous
2025 3658 2066 3689 est
2086 3667 2201 3697 apparu,
2218 3665 2273 3694 que
2305 3653 2401 3698 nostre
2446 3658 2453 3664 ’
2528 3667 2532 3671 ·

1347 3705 1488 3736 Trescher
1504 3705 1604 3741 Ftere,
1623 3703 1648 3733 le
1665 3702 1733 3741 Roy
1746 3702 1764 3732 d
1775 3702 1954 3739 Angleterre,
1972 3698 2015 3728 n'a
2030 3695 2097 3740 volu
2112 3694 2199 3734 passer
2213 3676 2402 3737 lalllglsutanon,
2417 3684 2483 3714 ΜΨ·

1346 3754 1402 3783 que
1416 3743 1503 3774 Nous
1518 3744 1614 3773 avions
1631 3742 1677 3771 fait
1691 3749 1791 3770 mettre
1804 3750 1840 3770 eri
1852 3740 1876 3769 la
1891 3736 2099 3768 Confirmation
2117 3733 2154 3762 du
2174 3731 2283 3761 Traitie
2298 3731 2402 3762 darrei-

332 3493 385 3521 Per
402 3494 543 3530 Propriam
559 3489 704 3530 Perfimam
721 3490 833 3518 Domini
847 3489 924 3525 Regis
938 3491 965 3517 in
974 3487 1024 3527 fito
1042 3485 1159 3516 Concilio
1172 3486 1309 3516 Generali.

245 3628 304 3659 Pro
329 3626 467 3672 Episcopo
497 3629 531 3659 S.
554 3625 703 3668 Amlreae,
732 3624 823 3671 super
849 3624 985 3670 Negotiis
1007 3619 1120 3656 David
1141 3619 1177 3652 de
1204 3623 1309 3670 Bruys,

99 3724 234 3757 Ann.D.
251 3710 377 3765 REX
391 3735 400 3750 2
418 3711 478 3742 &c.
499 3710 630 3741 Salutem.

348 3750 447 3779 Sciatis
482 3749 540 3779 uod

101 3765 215 3831 21363‘·
287 3784 386 3824 Cum,
414 3760 587 3818 Veicierabi’lis
608 3785 707 3823 Pater,
731 3785 907 3816 willielmus
957 3785 1110 3822 Episcopus
1130 3781 1226 3812 San&
1247 3782 1309 3813 An·
1347 3791 1462 3813 nement
1478 3782 1542 3819 fait,
1562 3781 1604 3811 sur
1618 3779 1709 3810 vestre
1724 3778 1913 3814 Deliurance,
1934 3787 1949 3806 a
1966 3774 2003 3803 fin
2016 3782 2068 3810 qe,
2085 3780 2120 3800 en
2136 3770 2191 3800 lieu
2205 3769 2243 3798 du
2252 3768 2349 3813 Conte
2364 3770 2401 3800 de

100 3846 132 3869 E.
150 3814 203 3870 ἠῗῗ
250 3821 336 3859 dfe&
355 3826 391 3854 de
405 3827 524 3864 partibus
541 3825 647 3856 Scotiae
670 3825 698 3854 in
714 3823 849 3862 Regnum
872 3809 1004 3854 nostrum
1026 3822 1152 3861 Angliae‚
1173 3831 1224 3858 pro
1245 3823 1309 3860 qui-
1346 3821 1505 3858 Grantpre,
1523 3820 1561 3849 du
1576 3819 1638 3848 Sire
1650 3818 1685 3848 de
1699 3817 1802 3853 Clere,
1820 3817 1853 3847 ὃ(
1867 3816 1905 3846 du
1919 3814 1980 3844 sire
1993 3806 2267 3857 d’Audesehfussfnt
2283 3808 2401 3839 dehures

101 3862 168 3907 Sco?-
191 3890 202 3900 ,
207 3889 221 3915 7
251 3861 372 3905 busdam.
389 3863 540 3902 Negotiis,
565 3862 660 3893 David
683 3862 718 3891 de
738 3861 840 3902 Bruys,
857 3862 1046 3892 Prisonarium
1066 3859 1212 3897 nostrum,
1237 3869 1309 3889 con·
1345 3859 1439 3889 Pierie
1459 3858 1639 3890 d‘Alencon,
1658 3856 1753 3886 nostre
1769 3854 1877 3886 Cousin
1897 3852 1924 3882 le
1943 3850 2042 3881 Conte
2062 3845 2183 3876 Dauffin
2201 3846 2403 3886 dAuvergne,

100 3922 122 3945 E
156 3928 180 3945 ⁴.
190 3901 202 3917 ²
228 3902 234 3908 '
249 3900 441 3944 cernentibuS,
456 3903 490 3931 de
505 3903 632 3931 Licentia
647 3900 741 3930 nostra
756 3900 786 3929 fit
801 3910 949 3938 venturus,
987 3922 990 3925 .
1345 3899 1378 3929 ὃς
1393 3898 1418 3926 le
1431 3897 1491 3926 Sire
1501 3896 1537 3926 de
1551 3895 1672 3934 Coucy,
2113 3923 2117 3928 ,
2353 3923 2359 3930 .

99 3939 139 3985 ω’.
155 3939 184 3992 ³7
284 3936 352 3966 hos
369 3938 506 3975 (volentes
520 3940 666 3970 Securitati
677 3939 759 3979 ipsius
781 3938 914 3981 Episcopi
935 3942 963 3968 in
987 3940 1040 3968 hac
1057 3947 1132 3976 parte
1145 3935 1305 3974 providere)
1383 3937 1400 3952 *⁷¹
1416 3934 1493 3964 Pour
1508 3936 1576 3971 quoi
1591 3944 1660 3963 vous
1681 3942 1752 3963 nous
1764 3939 1834 3961 avez
1845 3928 1954 3964 Requis
1975 3926 2008 3956 &
2021 3923 2170 3961 Suppllee,
2188 3932 2235 3962 par
2255 3931 2314 3953 voz
2330 3923 2401 3953 dites
2416 3921 2432 3938 ³*
2443 3923 2495 3952 Vh*

248 3975 414 4015 suscepimus
436 3979 544 4016 ipsum,
562 3979 593 4009 ὃ(
617 3979 749 4017 Triginta
768 3976 884 4014 Equites
905 3978 941 4006 de
966 3976 1110 4007 Comitiva
1131 3976 1190 4011 sua,
1213 3974 1305 4011 cujus·
1345 3973 1475 4016 Lettres,
1489 3983 1543 4010 que
1556 3972 1744 4010 Simplement
1758 3971 1792 4001 &
1808 3966 2028 4000 Absoluernent,
2043 3963 2108 3992 senz
2121 3972 2229 3992 aucune
2244 3961 2399 3999 Mutation,
2413 3960 2478 3995 406.

244 4024 367 4055 cumque
380 4014 466 4046 statiis
478 4017 523 4047 seu
538 4017 709 4048 conditionis
721 4016 843 4054 fuerint,
860 4025 974 4046 necnon
986 4025 1087 4047 eorum
1099 4014 1214 4053 Equos,
1228 4012 1306 4045 Her·
1342 4022 1416 4044 nous
1428 4011 1550 4046 vuillons
1572 4008 1745 4042 Conserrner
1759 4008 1786 4039 1ο
1803 4006 1844 4038 dit
1858 4003 1986 4040 Traitie,
2001 4010 2037 4033 en
2055 4002 2189 4033 envoiant
2207 3999 2402 4068 hastiuemeni
