2561 4251
720 216 831 258 ET
914 218 1178 259 ACTA

14 303 90 384 Αῃὲιέ
105 300 148 333 D.
194 302 270 349 Idem
291 301 443 372 sJOhan's
471 302 576 340 recepit
605 301 858 334 Attomamentum
880 302 965 342 usque
993 303 1027 335 ad
1046 302 1215 335 Adventum

37 352 48 374 1
94 350 119 378 7.
260 351 340 382 ipius
384 349 452 377 :313-

12 383 63 413 Ric.
82 391 96 408 2
103 402 109 409 .

344 468 394 499 De
413 469 428 499 ,³
435 470 561 514 fornagia
579 469 675 501 Ducis
695 466 835 510 Gelrensis
852 465 1025 512 recipiendo.

503 524 523 537 .·

14 556 91 590 Ann.
103 558 142 589 D.
154 549 284 615 REX
294 574 303 590 ,
320 551 427 583 dileeto
441 554 474 584 &
488 552 561 582 fideli
576 550 666 581 Militi
680 549 814 581 Camenae
829 549 949 589 nostrae,
973 552 1081 589 Georgia
1104 553 1136 583 de
1158 552 1217 583 Fel-

34 598 119 637 1387,
236 591 321 628 brigg,
340 591 475 622 Salutem.

12 640 65 666 An.
83 645 124 663 11.
191 629 288 660 Sciatis
302 629 380 665 quod
389 652 399 667 ,

10 679 40 706 1³,
57 683 83 702 2.
193 667 272 698 Cum
288 667 357 698 Nos
368 675 467 707 nuper,

46 710 110 740 ibid.
191 705 250 736 Pro
266 716 300 736 eo
314 705 406 744 quod,
432 703 570 734 dilectum
590 703 840 742 Consanguineum
867 702 1018 743 nostrum,
1042 704 1218 736 W'llielmum

11 759 48 779 m.
62 749 141 778 21.d.
156 747 259 774 Ducem
272 744 384 780 Gelriae,
402 742 437 773 ad
452 742 663 773 deserviendum
678 743 777 773 Nobis
791 742 826 772 de
842 742 953 773 Guerra
966 753 1035 773 cum
1048 753 1129 774 certo
1146 744 1216 775 Nu-

153 792 235 814 mero
242 782 406 812 Hominum
421 780 710 819 Armorum,durante
724 780 781 811 vita
793 780 848 818 sua,
857 790 941 818 penes
954 780 1022 811 Nos
1037 780 1216 813 Retinuimus

150 830 236 861 prout
250 830 298 860 per
334 818 453 849 uandam
469 818 648 850 Indenturam
658 842 668 857 ,
684 819 750 849 inde
762 820 833 848 inter
849 827 940 848 certos
958 818 1154 850 Procuratores
1161 830 1215 850 no-

151 860 221 890 stros
233 860 267 891 &
282 858 311 896 ip
323 868 363 888 ius
377 856 469 888 Ducis
484 859 514 887 in
527 858 670 897 praesentia
685 856 813 887 Concilii
834 856 923 886 nostri
945 858 1118 895 confestam,
1131 858 1216 896 plene

148 898 247 936 liquet,
851 933 856 938 ¹
873 916 877 921 -

188 935 235 966 Ac
250 944 302 974 pro
314 934 468 972 Homagio
480 933 529 964 suo
547 933 630 963 nobis
642 934 671 963 iri
685 933 776 963 forma
793 932 884 962 debita
898 929 1040 970 faciendo,

187 973 243 1004 Per
258 974 364 1004 Literas
376 972 482 1003 nostras
497 971 627 1001 Patentes
635 971 856 1001 concesserimus
878 972 903 1001 ei
918 970 1001 1001 Mille
1018 971 1135 1010 Libras,
1152 982 1217 1011 per-

151 1012 310 1050 cipiendas,
326 1011 437 1048 singulis
450 1010 559 1048 Annis,
583 1009 617 1040 ad
636 1009 814 1040 Scaccarium
837 1009 963 1040 nostrum
978 1032 989 1048 ,
1004 1010 1038 1040 ad
1059 1011 1216 1042 Terminos

150 1050 247 1081 Sanffl
260 1049 408 1080 Michaelis
426 1049 458 1079 &
472 1047 601 1086 Paschae,
619 1057 667 1086 per
679 1048 797 1087 aequales
811 1047 959 1079 Portiones
975 1071 985 1087 ,
1004 1048 1039 1079 ad
1057 1056 1147 1080 totam
1161 1048 1214 1080 Vi-

151 1097 209 1120 tam
225 1087 332 1128 praefati
348 1086 451 1126 Ducis,

186 1126 270 1157 Dum
282 1135 375 1155 tamen
386 1125 464 1155 idem
478 1124 549 1155 Dux
563 1133 636 1155 certa
651 1123 843 1162 Contractus,
860 1124 1087 1165 Conventiones,
1101 1126 1214 1157 &Pro-

151 1165 242 1202 miffa,
256 1173 290 1194 ac
305 1165 403 1194 omnia
416 1163 480 1202 alia,
498 1164 526 1193 in
541 1163 638 1194 eadem
651 1161 803 1193 Indentura
823 1171 955 1194 contenta
998 1164 1078 1195 faciat
1099 1165 1217 1196 fideliter>

148 1202 345 1272 celscoadimpvleat
361 1211 395 1233 ex
410 1211 488 1240 parte
502 1201 564 1240 sua,
578 1203 656 1241 juxta
670 1202 730 1232 vim
744 1202 778 1232 &
799 1200 937 1232 effeeium
960 1186 1119 1234 indenturae
1141 1214 1213 1244 prae-

169 1252 193 1271 ιι
208 1251 233 1271 ae

185 1265 274 1318 Cuius
289 1278 400 1310 alteram
422 1278 545 1316 Partem,
563 1287 613 1316 per
626 1278 754 1318 quasdam
769 1277 821 1309 alia
836 1277 941 1310 Literas
953 1277 1059 1310 nostras
1074 1279 1213 1319 Parentes,

149 1317 393 1349 Confirmavimus
409 1327 442 1348 ex
455 1318 507 1349 hac
520 1317 611 1356 causa,

186 1356 256 1387 Nos
265 1357 335 1396 jam,

186 1394 236 1425 De
253 1394 349 1427 vestris
364 1393 566 1433 Providentia,
582 1393 849 1435 circumspectione,
869 1394 903 1424 δε
915 1393 1052 1425 industria
1067 1395 1213 1434 quamplu-

147 1434 251 1465 rimum
265 1433 454 1472 confidentes,

188 1471 238 1502 De
249 1471 447 1502 deliberatione
459 1473 492 1504 &
506 1471 610 1502 assensu
624 1469 753 1502 Concilii
767 1469 854 1500 nostri
867 1470 1076 1508 Affigriavimus
1088 1471 1214 1502 &Con-

148 1510 285 1541 stituimus
299 1510 360 1540 Vos
378 1510 628 1546 Commiffarium,
644 1509 878 1546 Procuratorem,
895 1509 929 1540 &
951 1509 1136 1540 Attornatum
1158 1521 1214 1541 no-

149 1549 237 1579 strum
250 1549 284 1579 ad
299 1548 478 1588 Homagium
494 1548 599 1588 praefati
614 1547 723 1586 Ducis,
739 1549 816 1586 juxta
832 1547 954 1577 formam
970 1548 1003 1578 &
1018 1548 1138 1578 modum
1151 1549 1212 1579 Re-

148 1588 274 1617 tinentiae
288 1587 321 1617 δε
335 1586 495 1618 Indenturae
509 1586 722 1624 praedietarum,
738 1586 819 1615 nobis
833 1584 960 1615 debitum
976 1609 985 1624 ,
1003 1588 1136 1617 omnibus
1152 1597 1213 1617 me-

147 1626 262 1656 lioribus
278 1625 369 1654 modis
383 1626 415 1655 &
429 1625 526 1655 formis
539 1626 638 1663 quibus
654 1624 713 1654 fleri
726 1624 825 1654 debeat
839 1633 885 1654 aut
902 1625 1020 1662 poterit,
1037 1626 1066 1654 in
1079 1625 1132 1655 hac
1147 1636 1212 1663 par-

148 1673 192 1701 re,
210 1673 265 1732 piro
276 1662 391 1702 Nobis,
409 1663 462 1694 hac
477 1664 541 1694 vice
552 1663 585 1693 &
600 1663 716 1692 nomine
731 1662 844 1700 nostre,
864 1661 1047 1701 Capiendum
1070 1664 1104 1694 &
1123 1663 1212 1695 Reci-

170 1711 213 1732 ien
236 1711 285 1732 um

148 1712 169 1740 p
184 1740 228 1771 Ac
241 1725 342 1771 caeiera
353 1741 450 1771 omnia
464 1740 497 1770 &
512 1739 634 1777 singula,
652 1748 700 1779 per
722 1738 920 1769 Procuratores
939 1739 1020 1778 ipsius
1042 1739 1135 1771 Ducis
1155 1748 1211 1771 tra-

147 1778 236 1817 (stata,
253 1779 439 1816 concordata,
458 1787 616 1816 conventa,
635 1778 668 1809 ὃς
682 1778 822 1816 ordinata,
840 1788 855 1808 a
867 1777 985 1817 praefato
1009 1777 1096 1809 Duce
1116 1780 1210 1809 simili-

148 1826 188 1847 ter
206 1816 365 1848 Petendum
380 1819 413 1848 ὃ(
429 1817 625 1855 Exigendum,

183 1855 368 1895 Ulterii‘isque
383 1855 597 1893 exequendum,
615 1853 777 1884 faciendum
794 1877 803 1892 ,
820 1853 1026 1892 expediendum
1042 1878 1051 1892 ,
1069 1856 1103 1885 &
1125 1865 1208 1886 com-

147 1894 283 1933 plendum
296 1904 343 1931 ea,
362 1904 426 1932 quae
442 1896 470 1924 in
485 1892 653 1929 Praemiffis,
671 1901 718 1922 aut
737 1893 830 1932 aliquo
860 1892 1091 1932 Praemifforum,
1114 1896 1208 1925 neces-

146 1933 211 1963 saria
227 1932 329 1962 fuerint
343 1933 387 1963 seu
399 1931 616 1971 quomodolibet
630 1939 787 1969 oportun23

185 1974 199 1987 ⁸
221 1969 422 2003 Promittentes
437 1970 504 2001 Nos
517 1970 637 2007 Ratum,
655 1968 776 1999 Gratum
786 1993 795 2008 ‚
813 1970 847 2000 δε
860 1969 987 2000 Firmum
1002 1969 1086 2000 solide
1099 1970 1208 2003 habitu-

148 2019 193 2039 ros
205 2009 338 2048 quicquid
355 2019 403 2047 per
420 2019 489 2046 VOS,
507 2010 537 2038 in
560 2008 670 2046 lingulis
685 2006 906 2046 Praemissorum,
927 2008 1054 2047 Actum,
1072 2009 1208 2049 Gestum,

148 2047 353 2086 Conventum,
373 2049 406 2078 &c
419 2046 638 2077 Concordatum
651 2045 747 2084 fuerit,
765 2046 810 2077 seu
825 2046 974 2085 aliqualiter
987 2047 1182 2078 terminatum:

186 2085 225 2119 Et
238 2086 304 2116 ideo
319 2087 398 2119 vobis
414 2085 584 2118 Mandamus
597 2085 677 2124 quud
692 2086 766 2115 circa
779 2085 920 2117 Praemilsa
932 2094 1002 2114 cum
1017 2087 1100 2115 omni
1112 2086 1209 2117 effica-

148 2125 194 2155 cia
206 2125 240 2155 &
252 2124 391 2157 celeritate
405 2123 524 2164 posfibili
545 2123 727 2155 effec‘iualiter
748 2124 895 2155 intendatis
909 2147 920 2162 ,
937 2125 970 2155 δε
997 2134 1030 2154 ea
1048 2123 1153 2157 faciatis
1173 2127 1207 2157 &

148 2163 326 2200 exequamini
342 2164 370 2192 in
385 2162 478 2193 forma
491 2161 634 2200 praedicta.

185 2200 219 2233 In
232 2201 327 2239 cujus,
346 2201 408 2232 &c.
549 2229 551 2231 ,

220 2238 288 2270 Dat.
306 2241 335 2270 in
351 2239 460 2271 Palatio
473 2238 561 2279 nostro
576 2237 684 2279 PVestm.
700 2239 830 2278 Septimo
843 2239 889 2271 die
903 2239 1051 2271 Ostobris.

5 1986 25 2007 ’Β
41 1988 108 2016 vii.

626 2319 679 2348 Per
690 2316 771 2356 ipficm
785 2319 881 2356 Regem
896 2315 934 2352 ὀ·
950 2317 1102 2348 Concilium.

437 2462 496 2492 Pro
515 2459 629 2490 Comite
647 2455 795 2490 lh‘archiae
814 2459 922 2492 Scotiae.

6 2538 81 2570 Arm.
97 2541 137 2572 D.
152 2545 208 2600 R
217 2542 242 2574 E
251 2542 300 2583 X,
317 2543 464 2575 Universis
478 2543 511 2575 &
525 2542 646 2583 Singulis
660 2542 820 2573 Admirallis
833 2543 892 2574 &c.
910 2543 1041 2574 Salutem.

27 2579 111 2618 1387.
268 2582 366 2613 Sciatis
380 2583 459 2623 quod
474 2581 640 2619 suscepimus
654 2583 681 2611 in
696 2580 802 2611 salvum
818 2582 851 2611 ὃ(
873 2582 999 2613 securum
1020 2582 1209 2616 Conductum

5 2620 57 2645 An.
78 2628 120 2647 ιι.
149 2619 296 2659 nostrum,
312 2622 388 2652 acin
404 2621 638 2657 Protefflonem,
654 2619 824 2650 Tuitionem
842 2642 851 2657 ,
875 2622 908 2651 ὃς
931 2620 1137 2653 Defensionem
1157 2634 1209 2653 no-

5 2659 33 2683 R.
56 2665 81 2683 ²-
151 2657 216 2688 stras
229 2658 375 2699 speciales,
394 2663 534 2696 Georgium
552 2659 585 2688 de
607 2657 754 2688 Dunbarre
774 2658 925 2689 Comitem
945 2659 1086 2691 Marchiae
1101 2662 1208 2692 Scotiae

7 2697 73 2720 Scot·
95 2704 136 2722 ιι-
151 2705 219 2725 cum
234 2696 363 2728 Centum
380 2698 525 2736 Equitibus
538 2696 574 2727 de
587 2696 682 2727 Scotia
701 2698 732 2726 in
755 2695 904 2728 Comitiva
925 2698 971 2729 sua
987 2721 996 2737 ,
1016 2701 1157 2730 veniendo
1178 2702 1209 2731 in

5 2735 33 2758 R.
54 2741 80 2759 2-
150 2732 288 2773 Regnum
301 2736 430 2767 nostrum
447 2736 571 2775 Angliae,
589 2735 697 2765 ibidem
712 2735 869 2774 morando,
887 2737 920 2766 ὃς
933 2737 1033 2766 exinde
1046 2738 1079 2768 ad
1097 2738 1207 2769 libitum

6 2779 42 2797 m.
62 2779 86 2797 ¹·
150 2772 248 2810 suum,
263 2783 332 2804 cum
351 2775 452 2805 eisdem
466 2773 631 2813 Equitibus‚
646 2783 696 2814 per
710 2772 885 2804 Dominium
906 2775 940 2805 &
959 2774 1132 2806 potestatem
1154 2787 1208 2807 no-

150 2811 223 2849 stra,
241 2812 299 2841 tam
314 2821 362 2849 per
378 2812 519 2850 Terram,
539 2813 622 2849 quam
634 2822 683 2852 per
699 2810 798 2849 Mare,
815 2812 849 2842 ad
863 2812 978 2852 Propria
994 2815 1151 2845 redeundo:

187 2849 225 2880 Et
240 2849 439 2881 Conceffimus
450 2851 544 2881 eidem
558 2849 670 2880 Comiti
683 2849 762 2889 qubd
778 2850 832 2887 ipse
845 2849 943 2880 Castra
956 2852 990 2882 ὃς
1012 2852 1094 2882 Villas
1104 2875 1114 2891 ,
1135 2853 1207 2885 infra

145 2888 259 2919 dietum
273 2887 413 2926 Regnum
424 2889 552 2919 nostrum
561 2912 570 2923 ,
588 2897 657 2918 cum
672 2895 750 2918 certo
764 2888 902 2919 Numero
913 2889 1080 2921 Hominum
1089 2893 1207 2923 rationa-

147 2927 213 2963 bili,
225 2927 303 2965 juxta
315 2928 532 2965 avisamentum,
558 2925 666 2957 Diieffi
687 2927 720 2957 &
743 2926 845 2957 Fidelis
865 2926 1072 2968 Consanguinei
1094 2930 1182 2961 nostri
1192 2947 1206 2970 Δ,

147 2964 290 3034 {ohannis
303 2968 415 2995 Domini
429 2967 461 2996 de
476 2964 592 3003 Nevill,
610 2965 695 3002 usque
708 2963 743 2995 ad
757 2965 867 2996 dietum
884 2966 1053 2997 Numerum
1076 2967 1205 3001 Centum

175 3004 286 3042 quitum
301 3004 501 3040 praedicstorum
515 3026 525 3042 ,
548 3014 596 3042 per
615 3002 802 3033 sufficientem
822 3004 1009 3036 Securitatem
1028 3031 1037 3044 ,
1054 3017 1101 3044 per
1115 3007 1206 3045 ipsum

149 3041 399 3081 Consanguineum
414 3042 574 3073 nostruma
595 3042 713 3081 praefato
735 3041 853 3072 Comite
872 3043 902 3072 in
925 3043 976 3074 hac
998 3054 1075 3084 parte
1096 3048 1206 3085 capim«

149 3079 216 3110 dam
225 3103 235 3118 ,
252 3082 353 3111 intrare
365 3083 398 3113 ὃ(
411 3082 484 3112 exire
497 3081 583 3111 valeat
592 3104 602 3120 ,
637 3080 742 3110 raesenti
756 3079 914 3111 Condutstu
928 3082 1026 3112 nostro
1037 3083 1167 3115 durante:

186 3118 330 3149 Nolentes
352 3120 432 3158 quod
453 3119 582 3159 praefatus
634 3128 714 3149 omes
730 3142 740 3157 ,
761 3128 807 3150 aut
827 3120 925 3159 aliquis
945 3120 1124 3161 Hominum,
1142 3123 1207 3154 Ser-

148 3157 297 3192 vientum,
315 3156 360 3186 seu
383 3157 566 3188 Famulorum
587 3158 716 3195 suorum,
739 3158 823 3197 usque
844 3159 878 3188 ad
899 3158 1008 3190 dietum
1040 3160 1207 3192 Numerum

149 3198 262 3223 Centum
277 3193 467 3233 Personarum,
483 3197 528 3226 seu
542 3195 638 3234 Bona,
654 3195 730 3233 Res,
748 3196 840 3236 Equi,
857 3196 996 3237 Moneta,
1019 3198 1145 3238 Jocalia,
1163 3201 1208 3231 vel

149 3232 284 3262 Hernesia
297 3233 357 3270 sua,
375 3232 490 3264 durante
508 3234 611 3264 eodem
623 3233 781 3265 Conduetu
803 3234 902 3265 nostro
916 3259 926 3274 ,
951 3237 1108 3276 capiantur,
1140 3239 1210 3270 deti-

149 3280 280 3308 neantur,
297 3271 341 3301 seu
355 3271 574 3310 quomodolibet
587 3271 750 3302 arestentur:

181 3308 220 3340 Et
236 3309 302 3339 ideo
318 3309 400 3341 vobis
414 3308 599 3348 Mandamus,
616 3308 675 3344 &a
690 3316 720 3338 ut
733 3313 762 3339 in
778 3313 882 3340 caeteris
897 3311 929 3341 de
943 3314 1078 3344 Conduelu
1093 3317 1210 3346 Literir.

184 3346 217 3379 In
231 3348 308 3384 cujus
322 3348 381 3377 διε.
398 3357 448 3386 per
463 3347 628 3378 Dimidium
644 3347 722 3377 Anni
735 3347 889 3379 duraturas.

223 3384 312 3417 Teste
327 3384 410 3426 Rege
420 3386 493 3426 apud
508 3384 954 3426 Wstmonasterium,duodecimo
969 3388 1016 3419 die
1028 3389 1208 3423 Decembris.

597 3464 651 3493 Per
669 3464 762 3493 Breve
776 3463 808 3493 de
822 3464 941 3494 Privato
953 3465 1050 3502 Sigilla.

357 3612 452 3655 Super
470 3606 716 3655 Hostageamento
734 3611 834 3644 Caroli
850 3610 886 3644 de
909 3613 998 3660 Bloys.

10 3683 88 3714 Ann.
104 3683 143 3716 D.

33 3724 108 3761 1387
208 3693 233 3724 E
246 3693 275 3724 R
283 3704 303 3724 o
314 3702 326 3723 1
347 3704 362 3724 a
377 3701 447 3725 touz
458 3701 546 3732 ceux,
563 3693 610 3732 qui
624 3693 714 3725 cestes
725 3702 783 3725 noz
800 3695 907 3726 Lettres
919 3706 1046 3735 verront,
1067 3697 1171 3730 Salutz.

246 3732 368 3763 Sachetz
403 3743 452 3769 ue,

10 3765 64 3788 An.
83 3771 123 3789 ¹¹-
193 3769 290 3801 Come
310 3744 411 3800 Robecrlt
433 3771 464 3799 de
485 3772 549 3798 Veer
573 3769 707 3808 n'adgairs
728 3769 799 3801 Duk
819 3771 937 3802 d’Irland
954 3796 964 3810 ,
981 3774 1019 3804 eit
1041 3773 1089 3804 fait
1107 3783 1208 3806 mettre

9 3803 40 3827 R.
61 3809 86 3826 ²·
153 3806 250 3845 Johan
266 3809 297 3838 de
309 3809 387 3849 Bloys
403 3809 439 3839 de
453 3807 609 3847 Britaigne,
624 3809 702 3849 jadys
722 3809 846 3840 detenuz
864 3820 900 3840 en
922 3810 1017 3842 nostre
1039 3811 1136 3844 Garde
1157 3824 1208 3844 co-

10 3840 111 3866 F'Mffl
121 3847 143 3865 ¹·
155 3855 202 3875 me
217 3845 342 3885 Hostage
354 3858 406 3884 pur
420 3846 530 3877 charles
540 3845 592 3885 sim
607 3849 687 3885 Pier,
705 3855 721 3876 a
733 3847 858 3878 Finance
871 3849 904 3879 &
929 3849 1088 3881 Raunceon
1109 3862 1162 3889 pur
1183 3852 1209 3883 la

12 3878 41 3902 R·
60 3885 86 3902 ²·
151 3884 274 3927 Somme
288 3885 323 3914 de
336 3885 385 3925 Sys
400 3895 488 3925 vynrz.
503 3884 598 3916 Milles
614 3885 733 3924 Franks,
751 3886 822 3916 dont
836 3888 940 3917 certein
955 3887 1081 3919 Porcion
1095 3890 1128 3920 ad
1151 3889 1209 3920 este

15 3921 51 3941 '7¹-
71 3923 110 3942 ¹0-
153 3921 238 3952 Paiez.
252 3932 280 3952 as
298 3923 345 3953 De
365 3932 431 3954 utez
442 3924 481 3954 du
496 3924 536 3954 dit
552 3923 682 3962 Robert,

188 3960 226 3990 Et
242 3960 293 3990 soit
307 3933 371 4000 enspy
385 3972 440 4000 que
454 3962 492 3992 du
507 3961 668 3992 Remenant
683 3963 806 3993 cei-teine
820 3961 942 3993 Somme
951 3964 992 3995 est
1013 3974 1123 4001 unqore
1143 3966 1209 3997 ade-

150 4009 228 4036 rere,
243 3998 314 4040 dont
328 4000 412 4035 partie
427 4000 468 4030 est
483 3999 597 4038 Affigne
608 4000 706 4030 d’estre
726 4001 805 4038 paiez
824 3999 943 4031 dedeinz
963 4002 1034 4042 Mye
1054 4004 1209 4043 Qaresme

151 4036 276 4078 present,
295 4038 403 4066 iicome
416 4048 464 4074 per
477 4040 594 4069 certeins
609 4038 800 4078 obligations,
817 4047 865 4069 ent
879 4039 946 4071 faitz
961 4052 1009 4079 par
1023 4043 1139 4073 certeiiis
1147 4042 1208 4074 Sei-

151 4085 236 4144 gniirs
250 4074 398 4143 FZ‘JOE‘J’JS
406 4075 493 4143 ,Hp'lus
506 4076 676 4116 pleinement
688 4086 753 4117 poet
766 4078 907 4116 apparoir,

204 4124 253 4144 om.
323 4136 329 4142 .
386 4137 391 4143 .
451 4137 456 4143 .

1256 218 1736 261 PUBLICA.

1300 303 1350 333 De
1362 303 1458 345 nostre
1472 306 1596 335 certeine
1610 305 1718 336 science
1732 306 1766 337 δε
1781 307 1903 344 expresse
1917 307 2032 338 voluntt·
2051 318 2138 339 avons
2159 309 2322 349 Ordeignez
2343 305 2417 335 ΑΠΠ-
2432 305 2472 337 D-

1262 343 1296 373 &
1312 342 1447 380 Allignez
1459 351 1517 372 noz
1534 344 1623 374 cliiers
1637 345 1670 375 ὃς
1687 345 1750 374 bien
1765 355 1863 383 amez,
1885 345 1984 383 Johan
1998 351 2049 383 Say
2070 347 2219 385 Chivaler‚
2238 351 2322 385 Roger
2362 345 2455 382 1387.)
2470 375 2474 380 .

1264 379 1380 410 Walden
1394 380 1488 410 nostre
1498 381 1635 412 Tresorer
1652 382 1688 411 de
1705 382 1806 424 Caleys
1819 408 1829 421 ,
1856 385 1888 415 ὃς
1910 383 2012 421 Jam'co
2030 383 2167 424 'Dartaffit
2188 386 2231 416 Es
2248 387 2323 425 uier,
2340 385 2390 410 Ric.
2409 392 2436 411 2«

1263 418 1349 448 Deux
1364 428 1402 447 ou
1416 418 1471 448 Un
1486 419 1521 448 de
1533 429 1605 458 eux,
1623 430 1638 450 a
1660 419 1801 451 Receivre
1826 422 1851 451 la
1872 421 1930 452 dite
1951 422 2070 453 Somme
2092 425 2166 454 iffint
2187 424 2214 454 Α
2239 435 2325 462 igne,

1262 456 1362 486 d'estre
1377 458 1436 494 paie
1449 457 1534 486 deinz
1547 458 1620 496 Mye
1638 457 1809 498 Qaresme,
1825 469 1909 491 come
1923 459 1963 489 est
1979 459 2037 497 dit,
2057 462 2090 491 &
2104 462 2190 501 ycelle
2204 463 2325 493 Somme

1261 503 1394 532 apporter
1408 504 1455 532 par
1468 494 1565 525 devers
1576 505 1664 534 nous,
1683 507 1698 525 a
1714 496 1752 527 fin
1769 507 1825 536 que
1845 508 1915 528 nous
1929 507 1965 528 en
1985 499 2110 538 puissous
2129 500 2276 541 ordeigner
2289 503 2324 533 &-

1261 533 1329 563 faire
1342 543 1375 562 ce
1390 542 1445 569 que
1457 541 1527 562 nous
1543 533 1674 564 semblera
1690 535 1799 573 meuli<3

1300 570 1462 607 Voillantz,
1481 572 1657 609 toutesfoitz‚
1677 582 1731 610 que
1745 584 1772 603 as
1784 575 1843 604 ditz
1860 573 1972 613 johan,
1998 574 2100 612 Roger
2115 600 2124 615 ‚
2146 578 2180 608 &
2199 578 2321 617 Ῑτιηίεο,

1263 609 1350 639 cestes
1365 617 1423 639 noz
1436 609 1572 647 presentes
1590 608 1698 640 Lettres
1712 610 1798 641 soient
1816 613 1890 649 plein
1905 612 2041 651 Garrant,
2060 623 2118 645 tant
2136 626 2187 653 pur
2211 617 2235 646 la
2260 617 2322 646 Re-

1263 649 1319 678 cite
1333 647 1368 677 de
1382 648 1405 677 la
1417 648 1475 677 dite
1491 647 1629 686 Somme,
1647 658 1731 679 come
1745 659 1795 685 pur
1806 650 1830 679 la
1856 650 1997 687 Apposter
2011 652 2126 689 d'ycelle
2148 663 2196 691 par
2225 655 2324 685 devers

1263 685 1361 724 Nous,
1375 695 1461 716 come
1475 685 1569 723 desus,

1302 724 1404 754 Eiantz
1418 724 1508 753 ferme
1521 724 1553 754 δε
1569 722 1672 753 estable
1686 734 1828 763 quatitque
1842 726 1879 755 les
1893 726 1968 764 ditz,
1986 728 2078 764 johan
2100 729 2153 769 Say
2169 751 2179 767 ,
2206 729 2322 768 Roger‚

1263 761 1424 800 &Janico,
1441 762 1543 800 Deux,
1560 771 1599 792 ou
1615 761 1669 792 Un
1683 763 1718 792 de
1730 772 1800 802 eux,
1818 764 1942 803 ferront,
1967 775 2005 795 ou
2028 766 2099 797 ferra
2113 790 2123 806 ,
2138 768 2208 798 celle
2229 767 2323 798 Partie

1262 809 1298 830 en
1311 799 1408 830 nostre
1420 799 1523 830 Noun.

1300 837 1346 867 En
1362 838 1592 875 Tesmoignance
1606 837 1641 868 de
1658 839 1747 877 quelle
1761 840 1846 870 chose
1867 851 1940 871 nous
1959 851 2047 872 avons
2070 842 2134 874 faite
2149 844 2214 875 faire
2234 842 2324 876 cestes

1263 885 1323 906 noz
1341 875 1449 906 Lettres
1464 875 1592 906 Parentz.

1300 914 1381 945 Don.
1396 925 1412 945 a
1427 914 1534 954 PW’stm.
1550 915 1575 944 le
1588 914 1660 944 xxiii.
1676 916 1742 954 jour
1755 915 1790 946 de
1803 915 1978 948 Decembre.

1944 958 1997 986 Per
2015 956 2166 989 Concilium.

2274 237 2324 278 17

2338 1082 2358 1103 *⁵
2379 1085 2447 1114 VII.

1240 1091 1289 1119 .=1(<
1316 1093 1364 1125 De
1390 1091 1542 1138 clausula,
1569 1103 1671 1126 contra
1697 1093 1841 1128 Formam
1864 1095 2022 1128 Elemonis
2044 1095 2088 1129 ad
2110 1100 2320 1134 Parliamcnta
2341 1125 2407 1158 566.

1518 1147 1686 1188 antiquitus
1708 1145 1847 1187 ufitasam
1860 1170 1870 1186 ‚
1896 1144 2070 1178 omittenda.

1263 1227 1348 1284 RE
1359 1226 1389 1258 X
1404 1226 1576 1259 Vicecomiti
1590 1227 1720 1265 Kantiae,
1739 1229 1873 1260 Salutem.

1376 1266 1458 1297 Licet
1475 1276 1581 1306 nuper,
1598 1276 1646 1305 per
1660 1266 1749 1298 Breve
1765 1268 1908 1305 nostrum,
1928 1268 1998 1299 inter
2013 1278 2129 1310 caetera,
2150 1272 2202 1303 tibi
2216 1283 2321 1311 praece-
2340 1267 2417 1299 Ann.
2430 1270 2471 1301 D.

1260 1304 1396 1342 perimus,
1412 1303 1526 1335 firmiter
1541 1306 1731 1343 injungentes,
1749 1307 1828 1343 quud
1841 1307 1876 1337 de
1890 1306 2036 1338 Comitatu
2059 1318 2110 1340 tuo
2134 1309 2217 1341 Duos
2240 1312 2321 1342 Mili-
2362 1311 2446 1347 1383-

1260 1349 1317 1384 tes,
1337 1340 1445 1373 Gladiis
1462 1342 1583 1374 Cnidios
1598 1343 1685 1382 magis
1699 1344 1816 1375 idoneos
1829 1346 1862 1375 &
1882 1345 2015 1376 discretos
2037 1347 2199 1379 Comitatus
2221 1351 2321 1389 praedi-
2338 1351 2392 1374 An.
2414 1358 2455 1377 ¹1-

1261 1379 1318 1417 eti,
1336 1382 1368 1411 ὃ(
1384 1383 1413 1410 iri
1430 1381 1546 1412 Debatis
1558 1380 1705 1412 Modernis
1718 1386 1803 1422 magis
1819 1383 2023 1423 indifferentes,
2048 1386 2111 1425 eligi
2127 1409 2136 1424 ,
2160 1389 2193 1418 ὃς
2217 1398 2265 1417 eos
2286 1388 2320 1420 ad
2338 1390 2367 1412 R·
2388 1396 2413 1414 2-

1259 1416 1478 1449 Parliamentum
1494 1420 1639 1458 nostrum,
1654 1421 1726 1457 apud
1741 1421 2028 1453 westmonasterium
2040 1425 2069 1454 in
2084 1424 2205 1455 crastino
2221 1426 2320 1457 Purifi-
2337 1424 2439 1461 Clausi
2450 1434 2473 1455 ι,

1260 1457 1376 1486 cationis
1398 1458 1485 1488 beatae
1511 1458 1627 1496 Mariae,
1649 1460 1781 1496 proximo
1805 1461 1923 1500 futuro,
1948 1463 2034 1492 teneri
2064 1464 2270 1503 ordinavimus,
2286 1466 2319 1496 ad
2338 1467 2366 1489 R.
2389 1472 2416 1490 2·

1259 1494 1372 1524 eosdem
1388 1494 1476 1525 Diem
1493 1497 1525 1527 &
1541 1496 1655 1526 Locum
1671 1500 1766 1529 venire
1781 1501 1900 1538 faceres,
2339 1510 2374 1529 m·
2392 1501 2472 1537 ²3st¹

1297 1532 1366 1563 Nos
1382 1542 1493 1572 tamen,

1296 1571 1479 1602 Attendentes
1496 1571 1605 1602 dietam
1621 1571 1778 1604 Clausulam
1796 1575 1806 1612 (
1831 1574 1868 1605 IN
1889 1575 1920 1605 D
1930 1586 1948 1606 E
1958 1585 1977 1606 B
1987 1586 2005 1606 A
2015 1584 2038 1606 Ἰ·
2047 1586 2057 1606 1
2067 1586 2079 1607 s
2100 1586 2125 1607 Μ
2134 1588 2182 1608 oD
2192 1589 2209 1609 E
2220 1589 2242 1610 R
2252 1588 2292 1610 Ni
2306 1590 2319 1612 ς

1259 1617 1392 1641 MAGIS
1417 1616 1794 1648 1ND1FFERENTES)
1812 1623 1908 1649 contra
1923 1615 2057 1644 Formam
2082 1615 2252 1656 Elefflonis,
2272 1630 2321 1649 an.

1258 1648 1374 1687 tiquitus
1390 1649 1511 1687 usitatae,
1529 1658 1562 1678 ac
1577 1658 1676 1680 contra
1690 1649 1862 1681 Libertatem
1878 1651 2077 1681 Domitiorum
2095 1656 2127 1684 δε
2144 1654 2322 1687 Communi-

1257 1688 1317 1716 tatis
1331 1686 1427 1726 Regni
1439 1687 1526 1717 nostri
1539 1687 1667 1726 Angliae,
1683 1687 1816 1719 hastatus
1831 1698 1993 1727 optentam,
2011 1691 2141 1730 existere,

1295 1724 1483 1764 Volentesque
1494 1727 1641 1765 providere
1662 1727 1814 1763 praeditfi'tos
1834 1728 1941 1758 Milites
1958 1729 2043 1759 libere
2064 1729 2149 1769 eligi,
2176 1732 2266 1762 modo
2287 1734 2321 1765 &²

1257 1764 1346 1793 forma
1356 1786 1365 1802 ,
1385 1772 1469 1801 prout
1483 1763 1637 1804 antiquitus
1653 1765 1711 1794 fieri
1725 1764 1887 1804 consuevit,

1293 1802 1364 1832 Tibi
1380 1802 1583 1840 Praecipimus,
1601 1802 1716 1832 firmiter
1732 1804 1923 1844 injungentes,
1940 1805 2019 1843 quod
2042 1806 2078 1836 de
2099 1806 2213 1837 Comita
2221 1815 2250 1838 tu
2270 1817 2323 1839 tuo

1256 1840 1395 1879 praedicio
1410 1840 1492 1870 Duos
1507 1840 1629 1879 Milites,
1649 1840 1758 1871 Gladiis
1772 1841 1911 1880 Cnidios,
1930 1845 2015 1882 magis
2030 1845 2145 1875 idoneos
2159 1848 2191 1876 δε
2208 1845 2322 1876 Discre-

1255 1888 1298 1909 tos
1311 1878 1474 1909 Comitatus
1488 1879 1632 1917 praediSti,
1652 1888 1736 1916 prout
1752 1880 1885 1911 haetenus
1899 1880 1957 1911 fieri
1980 1883 2126 1914 consuevit
2141 1906 2150 1920 ,
2177 1883 2258 1922 eligi,
2286 1886 2321 1915 ἅτ
2348 1898 2351 1900 ·

1254 1918 1350 1985 egsstad
1366 1918 1512 1953 praedictos
1527 1917 1617 1948 Diem
1631 1918 1663 1948 &
1680 1917 1798 1949 Locum
1814 1921 1909 1950 venire
1924 1920 2105 1958 facias-,dieta
2118 1921 2246 1953 Clausala
2255 1933 2316 1953 non

1252 1965 1272 1985 o
1319 1964 1398 1986 ante:

1290 1994 1456 2032 Caeteraque
1469 1995 1568 2024 omnia
1579 1994 1613 2025 &
1628 1993 1751 2033 singula,
1769 1995 1798 2025 in
1814 1995 1892 2028 dieto
1906 1997 1988 2028 Brevi
2004 1997 2101 2031 nostro
2113 2007 2256 2037 contenta,
2279 1998 2320 2029 fa-

1254 2034 1308 2062 cias
1323 2033 1355 2063 &
1369 2033 1510 2072 exequar1s
1520 2034 1598 2070 juxta
1611 2032 1762 2063 Tenorem
1776 2034 1896 2072 ejusdem
1907 2059 1915 2074 ,
1931 2035 2036 2066 disiam
2059 2036 2215 2068 Clausulam
2240 2038 2320 2075 petii-

1255 2081 1298 2102 tus
1312 2072 1463 2108 omittens,
1482 2072 1515 2101 &
1530 2071 1628 2101 babeas
1646 2071 1685 2100 ibi
1700 2071 1757 2101 hoc
1772 2071 1859 2104 Breve
1875 2075 1909 2105 &
1922 2075 1994 2105 aliud
2010 2075 2106 2105 Breve.

1291 2108 1380 2140 Teste
1396 2108 1478 2149 Rege
1492 2109 1566 2148 apud
1581 2106 1849 2150 Wi’stmouasterium‚
1867 2115 1961 2151 primo
1975 2113 2019 2144 die
2037 2114 2169 2153 Januarii.

1712 2189 1764 2217 Per
1778 2186 1858 2227 insum
1872 2191 1968 2227 Regem
1981 2188 2019 2225 ό
2035 2191 2186 2224 Concilium.

1292 2262 1460 2308 Consimilia
1475 2262 1571 2294 Brevia
1586 2263 1741 2332 dirliffuntur
1757 2265 1866 2302 singulis
1875 2265 2103 2299 Vicecomitibus
2118 2280 2166 2308 per
2175 2271 2319 2312 Angliam,

1255 2313 1289 2333 ac
1303 2301 1445 2334 carissimo
1459 2303 1612 2346 Ayunculo
1659 2312 1719 2339 egis
1740 2302 1869 2341 Johanni
1898 2307 1964 2342 Regi
1987 2306 2108 2346 Castellae
2131 2307 2168 2343 ὁ·
2191 2313 2318 2347 Legionis

1255 2340 1537 2411 affigfflcastnae'
1554 2341 1599 2372 vel
1615 2342 1671 2380 ejus
1686 2339 1862 2373 Cancellario
1877 2343 1907 2373 iti
1918 2344 2021 2375 eodem
2042 2345 2175 2387 Ducatu,
2200 2350 2249 2379 sub
2271 2349 2318 2381 ea-

1254 2506 1348 2551 Super
1368 2506 1489 2551 Appello
1508 2502 1544 2537 dc
1571 2502 1790 2538 Proditionihus
1810 2532 1820 2547 ‚
1847 2510 1878 2538 in
1902 2509 2125 2552 Parliamento,
2152 2509 2187 2544 de
2216 2513 2318 2557 Priso-

1639 2558 1734 2587 uariis
1750 2554 1931 2600 recipiendis.

1258 2639 1312 2694 R
1323 2637 1406 2676 EX,
1425 2636 1541 2668 Dile&o
1556 2639 1590 2670 &
1607 2638 1695 2669 Fideli
1711 2638 1799 2678 Regis
1812 2639 2012 2679 Constabulario
2028 2640 2117 2682 Castri
2136 2646 2215 2682 Regis
2234 2644 2317 2675 Glou-
2338 2638 2413 2669 ᾹΠΠ·
2425 2638 2469 2670 ὒν

1289 2712 1318 2743 C
1330 2676 1447 2744 Ντιῃίῑνῖῧ,
1468 2678 1572 2720 &ejus
1589 2678 1703 2721 Locum
1717 2678 1841 2721 tenenti,
1858 2679 1990 2709 Salutem.
2360 2680 2444 2717 1388.

1253 2725 1424 2782 ricusucr'lgr’nes
1438 2715 1557 2783 “135323
1567 2715 2313 2793 {⁷¹351-'52235‘2322231‘⁰22250525‘Jae5'03‘255225’3222
2332 2722 2411 2782 ‘13⁸2‘
2423 2728 2446 2745 ¹'

1253 2792 1430 2828 H'arrchae,
1450 2793 1482 2822 δε
1496 2792 1609 2821 Thomas
1625 2796 1714 2821 Comes
1730 2792 1939 2830 Notynghamiae
1951 2817 1959 2831 ,
1978 2803 2074 2823 coram
2092 2795 2189 2826 Nobis
2202 2799 2235 2828 ὃς
2246 2798 2313 2828 Ma-
2333 2794 2432 2829 Clanfii
2443 2803 2470 2822 ¹⁷

1251 2838 1314 2865 gno
1331 2829 1467 2860 Concilio
1481 2830 1596 2867 nostro,
1613 2831 1817 2868 appellaverunt
1831 2831 1975 2860 Robertum
1989 2831 2117 2872 Trefilian
2136 2834 2259 2865 Militem
2279 2838 2312 2867 &-
2333 2836 2360 2858 R.
2381 2842 2406 2858 2·

1251 2866 1396 2897 Nicolaum
1410 2868 1540 2898 Brembre
1556 2868 1697 2906 Militem,
1715 2870 1750 2898 de
1765 2870 1927 2907 quibusdam
1946 2869 2156 2902 proditionibus
2167 2896 2177 2911 ,
2199 2860 2313 2906 Nos³&
2332 2879 2368 2898 m.
2394 2879 2436 2897 ¹0»

1252 2904 1363 2936 Statum
1380 2906 1476 2945 Regni
1492 2906 1580 2936 nostri
1595 2906 1706 2945 Angliae
1720 2908 1904 2945 tangentibus,

1289 2943 1328 2974 Et
1342 2954 1375 2974 ex
1390 2945 1441 2975 hac
1454 2945 1550 2982 causa,
1568 2955 1616 2983 per
1635 2944 1718 2982 Nos,
1738 2946 1771 2976 &
1786 2945 1899 2975 diuum
1914 2945 2084 2976 Concilium
2099 2948 2227 2979 nostrum
2255 2950 2314 2980 Or-

1251 2981 1381 3014 dinatum
1395 2983 1490 3014 existat
1505 2984 1585 3021 quud
1608 2983 1693 3013 iidem
1721 3006 1730 3022 ,
1755 2983 1885 3013 Robertus
1910 2985 1942 3014 &
1964 2983 2111 3014 Nitholaus
2125 3009 2135 3024 ,
2159 2988 2190 3017 in
2211 2988 2316 3020 Castro

1252 3022 1391 3061 praeditsto
1405 3031 1451 3059 per
1467 3021 1580 3059 aliquod
1595 3029 1706 3059 tempus
1721 3021 1797 3052 salvo
1814 3022 2024 3061 custodiantur,

1291 3060 1383 3091 Vobis
1399 3059 1569 3090 Man‘damus
1582 3060 1661 3098 qubd
1680 3060 1766 3097 ipsos,
1785 3061 1930 3090 Robertum
1946 3062 1978 3091 &
1993 3061 2168 3101 Nicholaurn,
2191 3065 2226 3094 ab
2244 3065 2316 3103 hiis,

1252 3101 1302 3138 qui
1318 3099 1389 3136 ipsos
1403 3099 1485 3128 vobis
1499 3099 1615 3128 nomine
1628 3098 1726 3128 nostro
1741 3099 1908 3137 liberabunt,
1931 3099 2085 3137 Recipiatis
2095 3123 2104 3138 ,
2123 3104 2156 3132 δε
2169 3102 2197 3131 in
2213 3102 2319 3133 Castro

1253 3138 1389 3177 praedicto
1405 3137 1546 3176 separatim
1557 3159 1566 3173 ,
1583 3137 1687 3174 absque
1700 3137 1856 3175 Colloquio
1868 3138 1980 3168 inlimul
1994 3138 2125 3168 habendo
2140 3163 2149 3178 ‚
2169 3150 2316 3178 quousque

1253 3176 1326 3206 aliud
1339 3186 1354 3206 a
1368 3175 1466 3205 Nobis
1481 3175 1514 3205 &
1528 3175 1608 3205 dicio
1623 3174 1760 3205 Concilio
1769 3176 1866 3206 nostro
1881 3177 1947 3206 inde
1961 3177 2108 3206 habueritis
2122 3178 2150 3206 in
2162 3179 2315 3216 ulandans,

1253 3215 1388 3282 &pprgut
1407 3223 1462 3282 pfvro¹
1481 3212 1660 3256 Corporibus
1678 3215 1845 3244 eorumdem
1865 3215 2029 3253 respondere
2051 3215 2193 3247 volueritis
2208 3241 2216 3254 ‚
2234 3216 2319 3247 salvo.

1315 3264 1335 3282 o
1357 3263 1387 3282 iri
1423 3260 1520 3282 aciatis.

1292 3291 1381 3322 Teste
1397 3290 1478 3330 Rege
1493 3299 1544 3329 apu
1580 3291 1630 3319 W>
1640 3300 1731 3319 cmona
1743 3293 1855 3328 .erium,
1871 3299 1970 3329 quarto
1982 3291 2028 3321 die
2064 3293 2174 3322 anuarii.

1254 3263 1289 3284 ω
1547 3288 1565 3319 d

1320 3428 1369 3459 De
1393 3423 1589 3469 Prifimarii5‚
1606 3421 1666 3468 βψ
1681 3434 1761 3456 certa
1772 3424 1896 3469 forma,
1917 3425 2008 3469 silvo
2033 3424 2236 3468 custodiendis.

1257 3511 1307 3565 R
1324 3509 1404 3546 EX,
1424 3506 1542 3537 Dilecto
1557 3508 1590 3538 &
1607 3507 1695 3539 Fideli
1708 3508 1775 3546 suo,
1789 3507 1917 3546 Jahanm'
1928 3511 2066 3547 Deveros,
2090 3509 2307 3543 Constabulario
2327 3517 2401 3549 Αῃῃ,
2419 3520 2456 3551 D

1336 3547 1428 3578 Castri
1447 3546 1484 3575 sui
1500 3545 1654 3577 Dovorriae
1670 3548 1703 3578 ὃς
1726 3546 1845 3576 Custodi
1867 3548 2003 3585 Qiinque
2020 3547 2161 3578 Portuutn
2175 3550 2308 3590 suorum,
2351 3559 2435 3596 1388.
2455 3545 2464 3553 ⁰

1253 3587 1285 3617 &
1301 3586 1358 3623 eius
1379 3586 1490 3615 Locum
1504 3585 1610 3615 tenenti
1645 3585 1777 3616 Salutem.
2328 3599 2381 3623 An.
2400 3608 2442 3624 Η,

1290 3624 1386 3661 Cum,
1403 3632 1516 3661 propter
1529 3608 1644 3653 diversis
1659 3624 1692 3654 &
1707 3632 1833 3662 urgentes
1848 3622 1966 3661 CiusaS,
1983 3623 2050 3653 Nos
2062 3625 2095 3655 ὃ(
2115 3625 2223 3656 Statum
2248 3626 2307 3656 Re·
2326 3637 2356 3660 R.
2377 3644 2402 3662 2⁸

1251 3663 1299 3701 gni
1317 3663 1404 3692 nostri
1421 3669 1582 3700 tangentes,
1608 3671 1656 3697 per
1676 3661 1744 3691 Nos
1762 3662 1949 3698 concellum,
1973 3662 2006 3691 δε
2046 3673 2076 3692 er
2098 3666 2111 3679 ¹⁶
2141 3664 2307 3695 Concilium
2366 3672 2431 3701 rhu,

1251 3699 1379 3730 nostrum
1396 3699 1578 3729 Declaratum
1594 3700 1624 3729 lit
1640 3700 1672 3729 δε
1687 3699 1873 3735 Ordinatum,
1888 3699 1967 3736 quod
1981 3700 2022 3737 Jo
2030 3712 2126 3730 ammes
2140 3703 2310 3742 Beauchamp
2329 3710 2348 3729 *r
2371 3712 2436 3738 Vll,

1251 3738 1287 3768 de
1301 3738 1374 3769 Holt
1390 3737 1610 3774 ufhlethomas
1624 3740 1726 3775 Tryvct
1743 3737 1843 3774 Miles,
1862 3737 2006 3776 Johamies
2022 3739 2156 3775 Sulisbury
2174 3741 2310 3779 Miles‚&
2329 3754 2393 3788 567,

1252 3776 1396 3846 {glgannes
1412 3774 1527 3804 Lincoln
1540 3775 1575 3805 de
1590 3775 1716 3813 Recepta
1733 3776 1869 3806 Scaccarii
1884 3775 1969 3805 nostri
1985 3777 2128 3816 Clericus,
2150 3780 2179 3808 in
2198 3780 2310 3811 diversis

1320 3817 1357 3853 is,
1375 3814 1444 3844 infra
1458 3812 1591 3843 Castrum
1606 3814 1788 3852 praedictum,
1805 3814 1963 3851 separatim,
1987 3824 2036 3852 per
2052 3816 2162 3853 aliquod
2181 3826 2292 3855 tempus
2315 3839 2322 3845 .

1251 3854 1301 3883 sub
1314 3853 1374 3883 hac*
1382 3852 1471 3882 forma
1485 3851 1561 3889 quod
1575 3851 1665 3881 nullus
1682 3862 1782 3882 eorum
1803 3862 1869 3882 cum
1889 3852 1976 3882 altero
1999 3853 2185 3891 Colloquium
2209 3843 2310 3889 habea}

1251 3893 1363 3921 interim
1379 3890 1547 3920 Concilium
1560 3890 1673 3920 ineundi
1687 3891 1730 3920 vel
1745 3891 1911 3920 Tractatum
1921 3900 1989 3928 ‚nec
2005 3892 2083 3928 quud
2098 3892 2193 3930 aliquis
2207 3904 2308 3926 eorum

1248 3930 1398 3968 quicquam
1421 3937 1603 3966 praeterquam
1626 3928 1661 3958 ad
1688 3928 1829 3968 Magnum
1853 3927 2020 3958 Concilium
2042 3929 2171 3961 nostrum
2194 3933 2308 3964 interim

1251 3969 1360 4005 mittat,
1378 3967 1454 3996 salvo
1469 3965 1670 4002 custodiantur,

1287 4005 1405 4036 Proviso
1420 4004 1526 4041 semper
1537 4003 1615 4043 quod
1630 4004 1745 4041 quilibet
1764 4013 1861 4034 eorum
1870 4027 1880 4042 ,
1898 4004 2013 4034 alterum
2029 4005 2171 4037 salutando
2186 4032 2196 4046 ,
2210 4009 2259 4039 fibi
2277 4011 2306 4040 in

1251 4053 1347 4081 aperto
1362 4044 1440 4079 loqui
1456 4043 1558 4079 valeat,
1577 4052 1663 4079 quam
1679 4042 1794 4080 quidem
1809 4042 1930 4072 fomlam
1946 4043 2080 4082 loquendi
2093 4045 2210 4083 quilibet
2227 4047 2306 4076 Mili-

1251 4090 1312 4112 tum
1326 4081 1529 4120 praedffiimum
1545 4090 1642 4111 coram
1656 4080 1737 4147 ἀίέὲω
1751 4079 1887 4110 Concilio
1903 4080 2017 4119 nostro,
2032 4083 2063 4112 ὃς
2081 4084 2160 4120 quod
2175 4094 2307 4151 taxiquafm

2289 4132 2310 4151 ι.
