2561 4251
201 129 249 156 22

53 200 121 232 Anu
138 199 180 231 D.
195 199 290 230 nostra
310 197 416 229 ibidem
438 195 545 233 existit,
562 195 690 234 quotiens
708 194 819 225 neceffe
840 193 938 230 fuerit,
957 192 990 222 ὅτ
1002 190 1096 221 Vobis
1108 189 1249 232 videbitur

74 239 156 280 1388.
198 238 342 276 expedire,
359 235 432 273 juste
452 235 485 264 ὃς
506 234 601 263 debite
619 233 656 263 de
675 242 779 264 caetero
802 231 973 269 consignari,
991 228 1143 266 nostraque
1160 227 1259 270 vexilla

50 280 103 307 uic.
118 289 143 306 2.
199 277 231 306 ἃ
252 274 448 309 PenunceHos,
466 280 564 302 contra
582 271 740 308 hujufinodi
762 270 868 300 Hostes
888 267 1067 309 &qRebelles
1082 266 1210 303 nostros,
1229 274 1259 294 in

198 314 369 345 Defensione
384 311 484 340 Terrae
505 310 593 348 illius,
610 310 732 339 {imiliter
748 310 813 346 erigi
829 309 862 338 &
877 306 1015 343 diiplicari
1025 306 1132 336 faciatis
1144 306 1174 334 in
1189 304 1258 334 For-

200 363 246 382 ma
262 350 408 390 praeditsta,
427 348 571 387 quousque
583 348 656 378 aliud
671 358 686 377 a
701 346 799 377 Nobis
810 345 955 375 habueritis
971 344 1001 374 in
1016 342 1160 374 Mandatis
1173 354 1184 381 3
1220 341 1258 372 Et

200 391 257 420 hoc
275 389 427 419 nullatenus
443 387 588 416 omittatis.

234 426 322 458 Teste
334 424 415 464 Rege
430 425 504 463 apud
520 422 796 464 Westmonasterium,
813 429 913 462 quarto
927 420 974 451 die
989 420 1097 461 Aprilis.

876 501 931 528 Per
946 497 1097 528 Concilium.

195 648 245 680 De
268 649 369 679 Panno
391 648 427 683 (ῤ’
452 643 600 686 Hcrnqfiis
616 669 627 686 ‚
660 647 745 723 Pap}
771 640 880 689 absqtaee
905 639 1070 685 Crfi‘uma,
1099 641 1258 686 transmit-

672 701 721 724 ten
744 703 778 724 ts.

45 786 121 817 Ann.
136 786 176 817 D.

64 825 147 865 1388.

44 868 96 891 Λι.
116 874 156 892 ii.

41 907 70 929 R.
94 912 118 929 2.

78 940 142 968 ibid.

41 988 77 1006 m.
99 981 139 1007 16.

195 779 251 835 R
262 777 345 815 EX,
363 776 549 809 Colleeloribus
566 785 667 814 parvae
689 775 901 816 custumaeficae,
921 787 955 809 ac
971 775 1141 808 Duodecim
1155 774 1254 806 Dena-

272 819 380 848 riorum
399 817 435 847 de
455 816 540 847 Libra
562 816 591 846 in
614 814 705 846 Portu
728 814 860 846 Civitatis
880 815 935 847 suae
957 815 1119 846 Londoniae
1133 837 1144 853 ,
1175 813 1255 844 Salu-

193 862 262 884 tem.

230 892 403 924 Mandamus
421 893 504 924 vobis
526 892 625 931 quod,
651 892 787 923 dimdium
810 893 908 930 nobis,
933 890 1107 931 Magistrum
1127 889 1255 920 Thomam

195 931 325 961 Southam
344 942 431 962 unum
453 931 573 961 Lec‘mm
588 931 623 961 de
639 930 738 961 Panno
755 931 852 961 Aureo
868 931 903 960 de
917 930 1024 960 Rubeo
1038 929 1170 967 Campo,
1185 937 1254 959 curn

192 970 276 1001 Foliis
291 971 388 1002 Aureis
403 971 518 1009 operatis
532 970 560 999 in
576 969 699 1008 quodam
712 969 735 999 F
737 970 815 1000 reffito
830 969 896 999 albo
917 968 1090 1006 (videlicet)

190 1046 212 1078 d
228 1008 335 1078 Unsuam
358 1008 581 1046 Coopertorium
604 1017 673 1039 cum
692 1006 796 1038 Celura
818 1008 939 1047 integra,
954 1007 987 1038 &
1009 1005 1143 1036 Testerio
1161 1004 1197 1036 de
1210 1014 1255 1034 ea·

214 1057 259 1077 ern
283 1058 298 1077 e
331 1057 363 1085 a,
647 1069 650 1072 ⁴

229 1085 274 1115 Ac
288 1086 394 1116 Tribus
411 1084 539 1115 Curtinis
555 1083 591 1114 de
605 1085 694 1114 rubeo
706 1082 876 1122 Tartarino,

189 1162 214 1192 F
225 1122 451 1193 ‘f'resACu'ffinos
463 1123 499 1153 de
514 1122 615 1153 Panno
628 1123 733 1161 Serici,
752 1122 788 1153 de
803 1123 875 1153 seeta
892 1121 1019 1162 praedic‘ti
1035 1121 1119 1152 Lecti
1133 1119 1252 1157 exceptis

214 1172 233 1192 o
245 1172 274 1192 iis
287 1188 296 1193 .
318 1172 386 1191 ureis

226 1199 305 1230 Duas
320 1184 476 1230 Duodenas
488 1199 523 1230 de
536 1198 660 1237 Birettis,
681 1199 713 1229 &
728 1197 834 1237 Viginti
850 1198 1005 1229 Duodenas
1020 1198 1055 1228 de
1070 1197 1192 1236 Ligulis,

226 1237 258 1269 In
273 1238 396 1276 quodam
411 1237 496 1273 Vase,
515 1239 542 1267 in
560 1237 646 1267 Portu
663 1237 814 1276 praeditStO,
833 1236 954 1267 Carcare
990 1237 1023 1267 &
1038 1247 1069 1267 ea
1082 1236 1173 1267 versus
1188 1233 1252 1265 Cu-

187 1278 255 1307 riam
270 1277 431 1307 Romanam
441 1299 451 1314 ,
468 1275 601 1306 Domino
615 1278 720 1304 Summo
734 1274 878 1316 Pontifici,
893 1285 941 1313 per
958 1260 1063 1305 Manus
1084 1277 1159 1311 Dyni
1173 1277 1252 1303 Dar-

186 1317 299 1353 dani71i,
319 1314 489 1346 Mercatoris
503 1314 538 1344 de
552 1314 682 1344 societate
697 1313 892 1344 Guinisiorum
907 1313 942 1343 de
956 1313 1053 1351 Luca,
1072 1313 1131 1343 abst
1140 1322 1175 1342 ue
1190 1310 1253 1341 Cu-

187 1353 277 1384 stuma
298 1353 343 1384 seu
364 1353 492 1384 Subsidio
514 1352 579 1382 inde
600 1351 634 1382 ad
654 1362 726 1390 opus
739 1351 869 1383 nostrum
882 1352 1023 1389 capiendis
1036 1351 1081 1381 vel
1096 1322 1251 1387 soivendis,

187 1392 370 1423 transmittere
391 1392 570 1432 permittatis3
588 1400 769 1430 quocumque
794 1390 934 1421 Mandato
947 1390 1045 1420 nostro
1055 1413 1065 1429 ,
1081 1390 1164 1421 vobis
1177 1388 1251 1427 prius

186 1432 216 1460 in
230 1432 402 1461 contrarium
417 1430 544 1468 directo,
562 1439 622 1459 non
637 1429 773 1460 obstante.

224 1469 311 1500 Teste
327 1468 409 1509 Rege
421 1468 495 1506 apud
510 1467 771 1509 Westmonasterium
781 1491 791 1505 ,
810 1468 847 1499 vi.
862 1467 907 1498 die
921 1467 1028 1507 Aprilis.

35 1613 57 1633 ⁸
75 1614 141 1642 VII.
260 1603 287 1629 ᾖ
309 1607 357 1639 De
387 1606 545 1650 Capitaneo
571 1600 668 1646 castri
693 1605 729 1640 (ῥυ
758 1605 794 1636 V
792 1602 846 1634 illae
860 1608 896 1635 de
914 1599 993 1644 Bnst
1010 1597 1178 1642 Constituto.

35 1652 101 1687 578.

36 1689 114 1719 Ann.
131 1688 168 1719 D.

66 1728 148 1767 1383.
181 1756 185 1759 ,

35 1769 88 1794 Λα.
108 1776 147 1794 ιι.

35 1809 66 1832 R.
90 1815 114 1834 2.

35 1846 124 1871 franc.

39 1890 78 1908 11.
100 1886 164 1909 R.2.

30 1928 72 1946 m.
91 1929 121 1956 9.

193 1690 283 1748 RE
293 1688 324 1721 X
342 1689 505 1727 Omnibus,
522 1688 556 1719 ad
569 1698 656 1728 quos,
672 1688 732 1719 &o
747 1687 882 1719 Salutem.

309 1728 406 1759 Sciatis
419 1727 497 1767 quod
513 1727 580 1758 Nos

223 1765 272 1796 De
289 1767 390 1805 Sensu,
408 1766 563 1804 probitate,
579 1750 726 1803 fidelitate,
745 1764 778 1796 &
794 1762 948 1801 industria,
963 1773 995 1793 ac
1009 1762 1127 1800 provida
1143 1762 1176 1792 &
1190 1761 1248 1800 ple-

177 1805 223 1836 ,ῃᾶ
241 1805 512 1842 circumspectione,
532 1802 674 1834 Cariffimi
696 1805 729 1834 δε
751 1802 837 1832 fidelis
850 1801 1063 1837 Consanguinei
1077 1801 1180 1839 nostri,
1198 1803 1248 1829 Ri-

186 1843 280 1873 chardi
293 1847 401 1873 Comitis
417 1841 580 1872 Arundellae
594 1842 627 1872 &
640 1842 743 1872 Surriae
755 1842 855 1871 intime
867 1839 1054 1878 confidentes,

224 1881 269 1912 De
289 1881 419 1920 Assensu,
439 1880 569 1911 Consilio
585 1881 617 1911 &
640 1880 822 1911 Avisamento
840 1879 998 1909 Procerum
1022 1880 1054 1908 &
1071 1877 1245 1914 Magnarum

176 1919 278 1959 ,Regni
300 1920 385 1956 nostri
409 1920 536 1959 Angliae,
553 1928 585 1949 ac
606 1919 726 1949 aliorum
741 1918 776 1948 de
791 1916 927 1948 Concilio
944 1916 1057 1954 nostro,
1078 1918 1107 1946 i'n
1120 1916 1246 1955 praesenti

175 1958 370 1990 ,parliamento
392 1958 489 1988 nostro
512 1956 584 1995 apud
607 1955 912 1995 Westmonasterium,
933 1955 1064 1985 Fecimus
1077 1955 1109 1985 &
1127 1952 1244 1984 Consti-

183 1998 288 2028 ruimus
304 2021 314 2036 ,
338 2007 370 2028 ac
395 1996 522 2027 Facimus
539 1996 572 2026 &
591 1995 763 2026 Ordinamus
780 2018 788 2032 ‚
813 1995 904 2032 ipsum
923 1992 1172 2032 Consanguineum
1192 2002 1246 2022 no-

184 2034 273 2066 strum
298 2036 483 2075 Capitaneuin
509 2034 542 2065 &
564 2033 724 2065 Custodem
745 2032 836 2064 Castri
857 2034 891 2064 δε
919 2031 1004 2063 Villae
1025 2032 1188 2062 nostrorum
1211 2030 1246 2060 dc

175 2074 262 2107 ,Brest
277 2075 307 2105 in
322 2074 480 2112 Britannia,

174 2139 180 2145 .
219 2112 411 2151 Habendum,
434 2110 680 2150 Custodiendum,
705 2111 739 2142 &
762 2109 1008 2146 Gubernandum,
1035 2109 1069 2140 &
1088 2108 1123 2139 de
1143 2108 1246 2139 eisdem

186 2151 412 2191 disponendum,
425 2151 501 2189 quta
519 2152 595 2189 vim,
615 2151 758 2188 formam,
781 2150 920 2187 modum,
939 2149 972 2179 ὃς
994 2148 1132 2178 effeetum
1145 2147 1247 2178 inden-

183 2199 327 2260 ἓυὲῗτυπη,
341 2190 413 2221 inter
432 2189 498 2221 Nos
519 2190 552 2221 ὃς
572 2188 663 2228 ipsum
684 2187 935 2228 Consanguineum
947 2186 1076 2217 nostrum
1091 2186 1159 2216 inde
1175 2196 1247 2217 con-

196 2239 212 2259 e
243 2239 321 2260 arum

218 2252 351 2298 Fecimiis
363 2268 446 2298 etiam
462 2267 495 2298 &
512 2265 738 2303 Constituimus,
756 2275 789 2295 ac
806 2265 938 2296 Facimus
950 2265 983 2295 δε
998 2263 1188 2301 Ordinamus,
1204 2264 1248 2302 ip-

182 2305 241 2336 sum
263 2305 513 2345 Consanguineum
537 2304 668 2335 nostrum
687 2304 842 2342 legitimum
869 2304 902 2334 &
921 2312 1020 2333 verum
1039 2301 1167 2332 nostrum
1187 2301 1244 2331 Lo-

180 2352 394 2374 cumtenentem
409 2366 419 2382 ,
443 2353 476 2374 ac
499 2342 734 2373 Commiffarium
753 2341 885 2372 nostrum
907 2341 1055 2379 specialem
1068 2363 1078 2378 ,
1107 2341 1136 2370 in
1156 2339 1248 2370 Parti—

183 2383 234 2412 bus
248 2383 312 2420 illis,

218 2420 255 2451 Et
277 2420 395 2459 abinde,
413 2421 469 2450 t‘am
493 2430 541 2457 per
561 2419 698 2457 Terram,
717 2420 804 2455 quam
820 2427 868 2456 per
884 2417 968 2448 Mare
985 2416 1069 2455 usque
1088 2415 1248 2455 Melgewe,

143 2488 145 2490 ,
184 2457 349 2526 ξῖῑίκνεάοῃ
364 2482 373 2497 ‚
393 2458 674 2496 Flemenyngesnasse
687 2481 697 2496 ,
716 2456 887 2497 Polledany,
906 2455 1028 2486 Insulam
1049 2454 1193 2492 Tristam,
1214 2457 1247 2487 ὃς

196 2507 210 2527 a
260 2507 301 2527 aas

226 2534 262 2565 Et
283 2519 384 2565 abinde
401 2535 483 2574 usque
498 2534 599 2565 Insulas
613 2533 648 2564 de
662 2534 778 2574 Sayme,
798 2533 951 2573 Belynger,
968 2531 1128 2573 Kemenys,
1147 2531 1245 2562 Mole-

183 2583 218 2603 ne
237 2583 267 2612 s,
284 2572 402 2611 Trulle,
419 2574 451 2603 ὅτ
468 2572 614 2611 Usshent,

175 2619 179 2622 ⁴
248 2621 257 2641 t
279 2611 381 2641 abind'e
405 2611 486 2649 usque
509 2610 670 2648 Saldelrok,
688 2611 720 2641 &
746 2620 794 2649 per
808 2619 897 2641 totam
911 2609 1061 2640 Costeram
1079 2608 1246 2647 Britanniae,

179 2658 216 2680 ut
236 2660 285 2688 per
300 2649 387 2680 Blank
401 2649 543 2686 Sabulon,
562 2649 586 2679 la
600 2649 714 2685 Trade,
732 2649 764 2678 δε
782 2648 921 2685 Bertram,
941 2648 1024 2687 usque
1040 2647 1172 2686 praeditfta
1186 2648 1248 2678 Vil-

184 2687 289 2757 latiis&
304 2685 438 2718 Castrum
452 2687 487 2718 de
500 2686 594 2724 Brest,
613 2687 645 2717 δε
659 2688 688 2716 in
701 2686 847 2717 Universis
862 2688 894 2716 ὃς
911 2687 1018 2724 lingulis
1034 2686 1160 2716 Partibus
1173 2696 1246 2724 prae-

184 2734 232 2757 oie
246 2737 283 2764 ¹⁵3

221 2764 329 2795 Dantes
349 2764 382 2795 δε
406 2763 603 2794 Concedentes
624 2763 716 2793 eidem
737 2762 946 2798 consanguineo
968 2762 1064 2791 nostro
1081 2762 1114 2792 &
1130 2761 1245 2792 Locum

182 2803 313 2833 nostrum
329 2804 453 2840 tenenti,
471 2804 499 2833 in
516 2802 569 2833 hac
582 2811 674 2841 parte,
692 2801 823 2839 plenam,
836 2800 953 2831 Tenore
967 2799 1167 2837 Praesentium,
1186 2799 1245 2829 Po-

182 2841 309 2872 testatem
330 2842 363 2872 &
386 2840 553 2871 Mandatum
576 2841 688 2878 speciale
708 2840 841 2869 omnibus
862 2840 895 2869 «Sc
919 2839 1026 2876 singulis
1046 2838 1191 2867 Vitallariis
1211 2840 1243 2868 ὃ(

178 2880 258 2918 aliis,
277 2880 353 2910 Causa
375 2878 521 2910 Vitaliandi
537 2879 671 2909 Castrum
687 2879 719 2909 ὃς
735 2877 838 2907 Villam
855 2878 1004 2915 praedicta,
1024 2876 1090 2906 illuc
1105 2876 1244 2906 venienti-

187 2918 237 2947 bus
257 2928 324 2948 cum
344 2917 535 2955 victualibus,
557 2917 724 2954 Arinaturis,
742 2916 905 2952 Artellariis‚
925 2916 957 2946 &
972 2915 1104 2944 omnibus
1119 2914 1175 2944 aliis
1190 2924 1242 2943 ne-

185 2956 305 2986 cessariis
324 2956 509 2994 indigentibus
523 2978 532 2991 ,
567 2954 760 2986 Munitionem
781 2954 949 2984 eorumdem
971 2952 1066 2983 Castri
1087 2953 1120 2983 &
1140 2951 1240 2990 Vin-te,

183 3004 216 3025 ac
246 2993 483 3024 Sustentationem
514 2993 668 3033 Ligeorum
697 2994 729 3024 ὃ(
757 2992 930 3023 Amicorum
951 2991 1111 3021 nostrorum
1134 2991 1241 3020 ibidem

181 3033 377 3069 tangentibus,
396 3032 503 3062 ibidem
519 3033 709 3069 morantibus,
727 3032 759 3062 &
774 3031 876 3060 abinde
891 3030 1084 3060 recedentibus
1100 3038 1169 3058 cum
1183 3028 1239 3058 Va-

184 3072 216 3101 sis
230 3094 239 3109 ,
266 3070 372 3107 Bonis,
397 3071 429 3101 ὃς
452 3070 549 3100 Rebus
570 3070 619 3100 suis
634 3093 642 3108 ,
669 3070 812 3107 quotiens,
836 3068 963 3106 quando,
988 3068 1021 3098 ὃς
1046 3075 1130 3107 prout
1150 3066 1242 3097 eidem

184 3109 403 3140 Consanouineo
427 3109 459 3139 Sc
477 3108 590 3138 Locum
606 3108 732 3138 nostrum
749 3109 853 3137 tenenti
870 3106 1005 3144 praedicto
1020 3105 1150 3144 expedire
1165 3105 1242 3135 vide-

183 3149 278 3216 bitur,
291 3133 402 3215 §.incitas
419 3147 455 3177 de
475 3146 627 3177 Securitate
648 3147 680 3177 δε
700 3146 776 3176 salvo
795 3144 950 3176 ConduCtu
971 3144 1069 3174 nostro
1091 3143 1185 3173 Dandi
1208 3144 1240 3173 ὃς

216 3196 290 3216 once
311 3196 346 3216 en
368 3197 375 3215 i

224 3224 261 3255 Et
278 3225 311 3255 ad
333 3207 433 3254 om’nes
453 3224 486 3255 &
499 3223 618 3264 finguios
629 3222 772 3252 Homines
788 3222 822 3252 ad
836 3222 942 3259 Arma,
962 3221 1096 3251 Armatos
1108 3220 1141 3250 ὅ(
1154 3219 1245 3264 sagit-

185 3264 285 3301 tarios,
303 3263 332 3292 in
347 3261 472 3293 Partibus
486 3261 553 3299 illis,
572 3271 625 3299 pro
638 3260 815 3300 expeditione
830 3259 1003 3290 Guerrarum
1018 3258 1176 3289 nostrarum
1192 3258 1244 3287 ibi-

184 3301 269 3338 dem,
289 3300 442 3339 Ducendi,
459 3299 604 3336 Ponendi,
622 3300 654 3330 &
675 3299 779 3328 morari
798 3298 944 3337 Faciendi,
962 3309 994 3328 ac
1013 3297 1083 3335 ipsos
1096 3297 1129 3327 δε
1142 3305 1242 3327 eorum

185 3339 341 3376 quemlibet
355 3340 432 3377 juxta
450 3348 550 3369 eorum
571 3338 720 3368 Demetita
739 3337 771 3368 δε
789 3335 940 3375 Excessus,
958 3338 987 3366 in
1001 3335 1053 3366 hac
1069 3343 1165 3373 parte,
1185 3333 1244 3364 Ca-

179 3377 309 3414 ·stigandi
327 3378 359 3407 &
375 3377 531 3414 Puniendi,

225 3415 355 3446 Necnon
375 3417 471 3445 omnia
485 3415 535 3444 alia
554 3416 587 3446 «Sc
603 3413 721 3450 singula,
736 3422 798 3450 qua:
814 3414 842 3442 in
858 3413 910 3443 hac
927 3421 1004 3450 parte
1019 3409 1166 3441 neceffiiria
1182 3409 1244 3440 fue—

190 3456 244 3484 rint
266 3453 311 3483 vel
332 3463 488 3491 oportuna,
504 3454 537 3483 &
552 3462 615 3492 quae
628 3451 695 3482 Nos
710 3453 739 3481 in
754 3450 839 3480 Locis
855 3452 1009 3489 praedictis,
1026 3450 1072 3480 vel
1086 3449 1179 3487 aliquo
1194 3454 1245 3478 eo:

188 3492 337 3529 rumdem,
355 3492 447 3530 aliquo
468 3491 541 3521 Casu
562 3489 716 3521 neceisario
734 3498 911 3527 emergente,
932 3490 951 3519 si
972 3489 1121 3518 Prtesentes
1139 3486 1244 3516 ibidem

180 3529 376 3598 interessgrnus
387 3552 397 3568 ,
414 3531 443 3559 in
463 3529 515 3559 hac
538 3538 612 3568 parte
627 3528 797 3565 faceremus,
826 3527 975 3566 Faciendi,
992 3525 1119 3564 Utendi,
1136 3525 1169 3555 &
1187 3523 1245 3554 Ex—

180 3579 292 3599 ·cercen
315 3578 320 3597 i
338 3578 344 3597 :

228 3606 427 3636 Promittentes
449 3605 512 3636 Nos
528 3604 636 3634 Ratum
647 3627 655 3641 ,
672 3603 796 3633 Gratum
816 3604 849 3634 ὃ(
870 3603 1000 3633 Firmum
1012 3602 1153 3632 babituros
1166 3600 1247 3638 quic-

196 3644 262 3681 quid
284 3645 359 3674 idem
381 3643 609 3683 Consanguineus
630 3644 661 3673 δε
688 3642 802 3671 Locum
826 3641 953 3671 nostrum
974 3650 1070 3671 tenens
1085 3638 1246 3676 praedictus,

186 3683 225 3710 in
241 3681 312 3747 llpcis
331 3682 486 3749 ps}aedictis,
504 3680 550 3712 vel
568 3681 662 3719 aliquo
683 3679 869 3718 eorumdem,
888 3680 1022 3710 Nomine
1041 3677 1137 3708 nostro
1151 3677 1247 3706 fecerit

183 3728 226 3747 ἰη
265 3729 342 3748 raemi
367 3730 409 3749 is:

234 3755 269 3786 Et
291 3757 356 3787 ideo
375 3758 463 3787 Vobis
483 3757 633 3793 omnibus,
648 3756 681 3785 δε
703 3755 815 3791 singulis
836 3756 868 3785 &
891 3754 1040 3792 specialiter
1055 3752 1199 3784 Universis
1215 3752 1247 3782 &

186 3792 318 3827 singulis
343 3795 538 3825 Residentibus
567 3795 599 3824 &
618 3793 870 3823 Commorantibus
892 3792 962 3821 infra
984 3791 1093 3822 Bundas
1115 3792 1148 3821 &
1172 3790 1249 3819 Loca

197 3831 344 3874 prtediCta,
361 3833 392 3861 ὃ(
413 3833 607 3862 accedentibus
622 3831 654 3860 ad
672 3831 787 3866 eadem,
805 3831 921 3860 Tenore
937 3829 1138 3865 Praesentium,
1152 3828 1251 3858 damus

196 3878 228 3897 in
244 3867 380 3898 Mandatis
393 3870 468 3906 quod
484 3870 574 3899 eidem
592 3868 811 3907 Consanguineo
827 3871 858 3899 ἃ
874 3868 989 3898 Locum
1003 3867 1131 3897 nostrum
1146 3867 1251 3896 tenenti

186 3905 352 3974 «ἓτκάἰξὶο,
368 3907 400 3936 &
419 3908 476 3944 ejus
497 3906 726 3946 Commissariis,
743 3907 775 3936 &
798 3906 943 3943 Deputatis
966 3906 1204 3944 quibuscumque,
1225 3905 1252 3932 in

228 3943 353 3973 raemissis
373 3945 503 3974 omnibus
521 3946 552 3975 &
575 3946 685 3982 singulis
700 3968 708 3981 ,
734 3943 910 3974 Intendentes
929 3944 999 3982 sitis,
1025 3943 1255 3984 Respondeutes,

201 3981 391 4017 obedientes,
408 3981 608 4021 Consulentes,
625 3984 658 4014 ὃς
677 3983 856 4020 Auxiliantes,
871 3991 953 4019 prout
968 3982 1056 4013 decet.

674 100 1451 150 CONVENTIONES,
1508 101 1897 166 LirTERAE,

1330 184 1363 216 In
1382 186 1482 230 cujus,
1507 187 1569 218 ὅτε.
1590 188 1740 226 quamdiu,
1758 195 1789 218 ut
1807 186 1975 227 praedid'tum
1995 188 2053 228 est,
2069 187 2239 220 Custodiam
2262 186 2354 220 Castri
2373 183 2446 216 Ann.
2464 185 2506 220 D.

1301 224 1334 255 δί
1350 223 1434 254 Villae
1447 225 1573 256 habuerit
1588 225 1807 266 praemistorum,
1824 225 1968 255 duraturas.
2395 224 2478 262 1388.

1338 262 1428 293 Teste
1443 263 1523 302 Rege
1536 264 1608 304 apud
1624 263 1899 303 Westmonasterium,
1917 272 1997 294 nono
2008 263 2054 294 die
2068 265 2180 304 Aprilis.
2375 264 2426 292 Ric.
2443 273 2469 293 ²·

1501 341 1555 369 Per
1568 339 1650 378 ipsum
1663 342 1759 377 Regem
1772 336 1810 373 ὠ·
1826 337 1970 369 Concilium
1983 342 2012 369 in
2028 340 2222 374 Parliamento.

1392 490 1420 518 ’κε
1438 495 1532 538 Super
1557 490 1694 536 Custodia
1720 492 1816 535 castri
1833 492 1870 526 de
1887 490 1986 535 Brest‚
2012 491 2048 525 de
2070 492 2260 528 Intendendo.
2374 506 2395 527 st
2412 508 2480 537 vn,

1298 585 1426 642 REX
1443 585 1593 617 Univerfis
1614 587 1648 618 ὃς
1669 586 1778 625 singulis
1797 586 1941 625 Soldariis,
1960 586 2072 627 Ligeis,
2088 587 2122 618 &
2144 586 2284 618 Fidelibus
2303 599 2357 620 no·
2376 555 2452 614 ἵξῃ.
2464 582 2506 616 D.

1373 624 1451 662 stris,
1467 625 1670 663 cu'uscumque
1694 624 1786 655 Status
1805 625 1850 655 seu
1872 623 2057 656 Conditionis
2078 626 2196 665 fuerint,
2214 626 2242 655 in
2257 625 2358 659 Castro
2396 622 2481 662 1388·

1299 660 1333 690 &
1351 661 1424 693 Villa
1445 663 1481 693 de
1525 663 1578 692 rest
1599 673 1627 692 in
1648 662 1785 693 Britannia
1804 661 1998 700 existentibus,
2021 665 2066 694 seu
2086 673 2198 695 exnunc
2211 663 2245 694 ad
2259 665 2356 696 eadem
2376 664 2428 689 “¹⁷¹-
2441 669 2449 687 ¹
2462 671 2486 688 ¹·

1298 697 1430 732 Castrum
1445 702 1478 732 &
1492 701 1599 732 Villam
1614 701 1806 739 venientibus,
1824 700 1857 732 ad
1871 710 1958 740 quos,
1975 702 2036 732 ὅτε.
2053 701 2185 734 Salutem.
2377 702 2406 725 R.
2427 709 2453 726 2-

1336 739 1417 771 Cstm
1432 739 1518 779 Nos,
2379 739 2470 764 franc.

1321 777 1384 823 ADe
1404 779 1495 816 sensu,
1516 778 1670 817 probitate,
1686 777 1833 816 fidelitate,
1848 777 1882 808 ὅτ
1905 761 2053 816 industria,
2071 788 2104 809 ac
2123 779 2239 818 provida
2252 781 2285 811 &
2300 780 2357 818 ple·
2383 784 2410 801 ¹¹
2417 795 2423 801 ·
2441 779 2468 802 R.
2479 784 2506 804 2·

1296 825 1334 845 na
1353 817 1623 855 circumspefflone,
1642 816 1771 847 carissimi
1791 816 1823 847 ὃ(
1844 815 1931 846 fidelis
1953 814 2163 853 Confinguinei
2187 818 2290 858 nostri,
2307 822 2357 849 Ri-
2371 821 2408 839 m·
2426 822 2451 841 ²·

1296 853 1392 885 chardi
1407 859 1515 885 Comitis
1533 854 1693 886 Arundellae
1707 854 1745 889 ῤ’
1761 857 1862 885 Surriae
1877 854 1978 884 intime
1993 854 2184 894 confidentes,

1335 893 1384 924 De
1399 893 1515 925 Affensu
1525 917 1534 932 ,
1553 893 1700 931 Consilio,
1719 893 1752 923 &
1773 893 1956 923 Avisamento
1971 891 2127 923 Procerum
2140 895 2174 925 &
2188 892 2358 934 Magnarum

1296 930 1392 970 Regni
1415 932 1504 963 nostri
1519 932 1650 970 Angliae,
1669 941 1701 962 ac
1715 932 1835 962 aliorum
1848 931 1885 961 de
1901 931 2039 961 Concilio
2055 931 2171 970 nostro,
2189 933 2218 962 in
2232 934 2356 970 praesenti

1296 969 1485 1001 Parliamento
1505 970 1605 1000 nostro
1622 970 1695 1006 apud
1711 969 2020 1008 Westmonasteriuni,
2037 969 2188 1000 fecerimus
2201 971 2234 1000 δε
2252 972 2359 1002 consti-

1299 1010 1435 1039 tuerimus
1449 1010 1539 1048 ipsum
1556 1007 1808 1047 Conianguineum
1820 1007 1949 1038 nostrum
1961 1008 2148 1048 Capitaneum
2161 1008 2361 1041 &Custodem

1295 1046 1387 1077 Castri
1401 1048 1434 1078 ὅ(
1452 1049 1476 1079 V
1480 1048 1533 1078 illae
1550 1047 1711 1077 nostrorum
1728 1046 1944 1086 praediiftorum,

1333 1084 1526 1124 Habendum,
1541 1085 1761 1116 custodiendum
1771 1107 1781 1122 ,
1801 1085 1834 1115 ὃς
1846 1085 2076 1123 gubernandum,
2091 1085 2124 1115 δε
2142 1084 2177 1115 de
2190 1085 2291 1116 eisdem
2306 1086 2359 1117 dis-

1292 1125 1474 1163 ponendum,
1486 1125 1562 1162 juxta
1587 1126 1644 1154 vim
1678 1124 1818 1161 formam,
1836 1122 1974 1160 modum,
1991 1124 2025 1154 &
2041 1122 2178 1154 effectum
2195 1124 2358 1155 Indentura-

1292 1172 1374 1201 rum,
1392 1164 1464 1193 inter
1487 1162 1554 1193 Nos
1569 1164 1602 1194 &
1617 1147 1706 1201 ipsum
1722 1161 1970 1199 Consanguineum
1986 1160 2116 1191 nostrum
2131 1162 2196 1192 inde
2209 1163 2357 1194 confecia-

1292 1211 1374 1245 rum,
1393 1210 1476 1241 prout
1498 1202 1527 1231 in
1554 1201 1655 1232 Literis
1675 1199 1776 1230 nostris
1799 1199 1977 1238 Patentibus,
1995 1199 2062 1229 inde
2077 1200 2232 1239 confectis,
2250 1201 2358 1239 plenius

1293 1248 1456 1271 continetur

1332 1277 1440 1315 Vobis,
1461 1264 1491 1308 in
1508 1278 1576 1308 Fide
1594 1278 1627 1308 &
1644 1276 1789 1316 Ligeantia
1801 1277 1901 1320 quibus
1915 1277 1999 1306 nobis
2012 1277 2165 1315 tenemini,
2183 1276 2357 1314 Iniunoimus

1292 1316 1325 1346 δε
1342 1315 1512 1348 Mandamus
1535 1316 1615 1354 quod
1630 1317 1722 1345 eidem
1740 1314 1869 1352 Comiti,
1888 1324 2018 1353 tanquam
2035 1314 2076 1345 Ca
2101 1317 2191 1345 'itaneo
2202 1317 2235 1347 ὃ(
2251 1302 2358 1347 &usto-

1291 1354 1318 1384 di
1335 1354 1427 1386 Castri
1442 1357 1474 1386 &
1489 1354 1572 1385 Villae
1587 1354 1751 1385 nostrorum
1767 1354 1983 1391 praedictorum,
2000 1354 2033 1385 δε
2048 1355 2104 1390 ejus
2119 1354 2234 1385 Locum
2249 1355 2357 1386 tenenti

1291 1393 1414 1432 ibidem,
1431 1405 1483 1431 pro
1502 1402 1629 1431 tempore
1650 1392 1797 1430 existenti,
1814 1393 1845 1422 in
1864 1392 1997 1422 omnibus
2019 1393 2051 1422 ὃ(
2073 1392 2198 1432 singuliS,
2216 1403 2279 1431 quae
2295 1393 2357 1424 Cu-

1293 1431 1413 1462 stodiam
1437 1434 1470 1464 &
1490 1431 1634 1467 Regimen
1655 1430 1825 1461 eorumdem
1847 1429 1937 1460 Castri
1958 1430 1991 1461 &
2007 1430 2358 1473 Villaeconcernunt,1n-

1293 1470 1438 1501 tendentes
1458 1471 1511 1502 fitis
1529 1471 1562 1501 &
1584 1469 1811 1507 Respondentes,
1831 1470 1959 1507 quotiens
1979 1469 2012 1499 ὃς
2031 1479 2114 1508 prout
2130 1479 2177 1507 per
2190 1470 2281 1509 ipsum
2297 1469 2358 1501 Co-

1291 1510 1410 1552 mitem,
1426 1509 1470 1540 seu
1485 1509 1542 1553 ejus
1558 1509 1673 1540 Locum
1688 1516 1831 1539 tenentem
1846 1507 2014 1545 praeditiaum
2024 1530 2034 1546 ,
2051 1517 2084 1538 ex
2097 1517 2173 1546 parte
2186 1508 2282 1540 nostrii
2296 1509 2358 1540 fue-

1292 1556 1349 1576 ritis
1369 1557 1538 1584 praemuniti.

1329 1584 1361 1615 In
1378 1587 1473 1625 cujus,
1492 1586 1552 1617 &c.

1363 1632 1450 1663 Teste
1464 1632 1546 1673 Rege
1561 1632 1634 1670 apud
1652 1631 1928 1672 westmonasterium,
1947 1642 2027 1674 nono
2043 1632 2089 1663 die
2102 1632 2212 1671 Aprilis.

1400 1778 1507 1810 Litera
1526 1770 1674 1822 [Magistri
1692 1773 1844 1806 Generalis
1860 1773 1985 1807 Ordinis
2001 1775 2239 1814 Teutonicorum.

1290 1871 1345 1926 R
1356 1870 1636 1902 Ecotnmendatione
1648 1868 1766 1906 humili,
1783 1878 1850 1899 cum
1865 1869 2013 1907 cujussibet
2029 1869 2166 1908 Obsequii
2180 1869 2349 1902 benivoleni
2370 1874 2444 1906 Arm⁴
2458 1877 2506 1907 Ι),-

1367 1909 1419 1947 tia,
1441 1908 1474 1939 ad
1491 1909 1623 1948 quaelibet
1636 1907 1812 1945 Beneplacita
1828 1906 1978 1939 Praemissfi.
2393 1915 2478 1955 1388,

1322 1945 1497 1979 Sereniffime
1514 1947 1664 1986 Princeps,
1684 1945 1814 1976 Domine
1830 1945 1986 1985 Magnifice
1999 1948 2033 1978 ὃ(
2049 1946 2214 1986 Cariffime,
2235 1947 2350 1979 Litteras
2368 1957 2418 1981 An.
2439 1963 2482 1982 ii.

1287 1985 1445 2017 Serenitatis
1457 1986 1573 2024 vestrae,
1591 1986 1752 2022 nuperrime
1767 1985 1850 2015 nobis
1866 1985 1971 2023 missas7
1986 1995 2053 2015 cum
2067 1996 2097 2015 ea
2113 1997 2165 2024 qua
2179 1986 2276 2017 decuit
2290 1987 2350 2018 Re·
2366 1995 2394 2019 R.
2414 2001 2439 2019 2.

1286 2027 1426 2064 verentia,
1445 2024 1569 2055 vestrum
1590 2022 1803 2065 Serenissimum
1827 2022 1952 2054 Culinen
1973 2024 2036 2055 sane
2051 2024 2116 2055 Nos
2128 2025 2280 2066 percepisse
2293 2035 2349 2057 no-
2366 2034 2404 2057 Ex
2422 2033 2481 2057 Au-

1285 2065 1405 2095 verit&
1424 2063 1604 2101 intellexisse,
2366 2076 2433 2106 ngr,
2480 2063 2483 2066 '

1323 2102 1355 2132 In
1378 2103 1493 2141 quibus,
1511 2103 1582 2132 inter
1604 2109 1721 2139 caetera,
1736 2102 1927 2138 comperimus
1948 2101 2088 2131 contineri
2109 2101 2188 2141 quod
2199 2102 2266 2142 hiis,
2285 2112 2350 2141 quae

1287 2141 1444 2171 Waltherus
1462 2140 1579 2174 Sibillis,
1599 2139 1734 2170 Nomine
1755 2141 1788 2170 ὃς
1811 2139 1952 2169 Mandato
1965 2138 2122 2170 Serenitatis
2136 2140 2252 2178 vestrae,
2269 2142 2351 2172 nobis

1286 2180 1417 2219 referret,
1437 2180 1504 2210 licut
1519 2180 1553 2210 &
1566 2178 1704 2216 fecimus,
1719 2177 1804 2208 fidem
1818 2177 1951 2208 adhibere
1965 2187 2124 2208 curaremus
2137 2179 2306 2210 credituram
2315 2203 2325 2217 ‚

1324 2217 1395 2248 Post
1414 2218 1593 2255 Verborum,
1613 2227 1677 2255 quae
1697 2216 1750 2254 ipse
1769 2215 1906 2245 Walterus
1947 2225 1978 2245 ro
1998 2224 2086 2254 tunc,
2104 2225 2138 2246 ex
2157 2227 2233 2256 parte
2247 2217 2349 2257 Regiae

1287 2256 1442 2296 Maiestatis
1464 2256 1581 2293 vestrae,
1600 2255 1749 2285 nobiscum
1769 2254 1904 2292 habebat,
1956 2254 2152 2291 eplicationem
2170 2266 2229 2286 nori
2254 2257 2348 2289 modi-

1288 2306 1407 2334 corum,
1424 2306 1487 2335 qua:
1509 2294 1605 2325 omnia
1626 2295 1661 2324 ab
1681 2295 1688 2323 i
1710 2294 1739 2323 so
1755 2293 1863 2329 placide
1877 2292 2045 2330 suscepimus
2060 2303 2216 2325 reverenter
2231 2296 2265 2327 &
2278 2296 2348 2326 arni-

1287 2336 1321 2364 c‘c
1333 2357 1342 2372 ,
1363 2335 1480 2371 sibique,
1495 2334 1527 2363 ad
1544 2332 1664 2370 singulos
1689 2332 1847 2371 ingulariter
1862 2331 2020 2368 ArticuIOS,
2040 2333 2228 2364 amicabiliora
2239 2356 2248 2371 ,
2264 2343 2347 2374 prout

1286 2373 1385 2412 decet,
1403 2372 1546 2410 Responsa
1561 2370 1672 2409 nostra,
1691 2380 1754 2409 quae
1768 2372 1930 2408 potuimus,
1946 2369 2126 2409 dederamus,
2144 2371 2259 2402 tandem
2277 2374 2347 2403 vero

1287 2412 1365 2450 quod
1389 2411 1522 2441 Flebanus
1544 2410 1575 2439 de
1598 2408 1701 2439 Plelow
1717 2433 1725 2447 ,
1757 2410 1810 2446 piae
1832 2410 1980 2439 memoriae
1993 2431 2002 2443 ,
2032 2407 2243 2440 Ptaedecefforis
2261 2410 2348 2441 nostri

1290 2450 1474 2481 Ambaffiator
1497 2450 1530 2480 ὃς
1552 2447 1706 2486 Nuncius,
1729 2457 1827 2477 coram
1848 2448 1945 2484 nobb,
1970 2446 2111 2477 Walthero
2131 2447 2209 2478 Sibill
2226 2448 2348 2480 Nuncio

1287 2489 1443 2519 Serenitatis
1463 2486 1564 2517 vestiae
1579 2486 1728 2525 praesente,
1749 2487 1776 2516 in
1791 2485 1911 2517 Terram
1925 2484 2051 2515 nostram
2067 2485 2182 2516 Pruffiae
2194 2487 2344 2526 applicuit,

1287 2527 1438 2565 Nobisque
1461 2536 1512 2563 pro
1527 2535 1613 2563 tunc,
1630 2525 1658 2554 in
1673 2525 1754 2563 ipsius
1768 2524 1906 2554 waltheri
1919 2523 2020 2553 Sibillis
2035 2524 2193 2563 praesentia,
2209 2525 2346 2564 quaerula-

1286 2567 1365 2596 batur
1385 2567 1417 2596 &
1438 2565 1506 2595 dixit
1530 2563 1678 2602 quomodo
1699 2563 1753 2601 ipse
1775 2562 1945 2599 Waltherus,
1963 2571 2031 2591 cum
2055 2561 2174 2592 Plebano
2196 2563 2298 2594 eodem
2314 2565 2345 2593 in

1286 2603 1389 2635 Memfi
1403 2602 1540 2640 sedendo,
1558 2603 1586 2631 in
1603 2601 1698 2631 Novo
1715 2601 1807 2637 Foro,
1827 2602 1920 2640 ibique
1935 2601 2063 2638 gravibus
2081 2601 2178 2630 Verbis
2194 2602 2227 2632 ὃ(
2242 2601 2348 2632 delato-

1286 2644 1331 2673 riis
1356 2642 1522 2672 Litterarum
1547 2639 1733 2670 Antecessoris
1754 2638 1856 2677 nostri,
1875 2640 1928 2676 piae
1943 2639 2106 2676 memoriae,
2125 2639 2248 2670 multum
2264 2640 2348 2670 inho-

1284 2681 1363 2712 neste
1377 2679 1554 2721 reprehendit
1567 2679 1599 2709 &
1616 2677 1818 2715 inhonestavit,
1838 2678 2022 2715 publiceque,
2042 2678 2070 2706 in
2086 2678 2165 2714 ipfius
2182 2677 2296 2708 Plebani
2312 2688 2347 2709 ac

1284 2720 1481 2750 R'Iercatorum
1501 2718 1620 2748 aliorum
1634 2716 1792 2756 praesentia,
1811 2715 1879 2746 dixit
1898 2715 1976 2755 qubd
1998 2715 2113 2745 Litterae
2133 2716 2346 2747 Praedecessbris

1283 2759 1372 2789 nostri
1384 2757 1573 2788 Mendaciosae
1586 2755 1672 2786 essent
1684 2764 1715 2784 ac
1729 2754 1802 2785 falsae
1817 2756 1850 2786 &
1865 2764 1921 2784 non
1937 2763 2029 2791 verae,
2048 2755 2075 2784 in
2089 2764 2146 2792 quo
2155 2754 2344 2794 ,revera,Or-

1285 2798 1323 2828 do
1337 2796 1448 2834 noster,
1465 2797 1492 2826 in
1509 2803 1604 2832 antea,
1622 2795 1657 2824 ab
1672 2794 1764 2832 aliquo
1779 2803 1838 2822 non
1852 2794 1941 2823 extitit
1957 2792 2121 2830 inculpatus.

1321 2835 1372 2865 Ob
1389 2834 1482 2872 quod,
1499 2831 1737 2863 Excellentissime
1751 2831 1901 2871 Princeps,
1916 2831 2036 2861 multum
2050 2830 2275 2870 expavescendo,
2289 2839 2345 2862 ter·

1284 2875 1326 2903 riti
1349 2874 1458 2910 sumus,
1477 2873 1546 2902 cuin
1563 2882 1613 2909 pro
1629 2880 1726 2908 certo,
1743 2879 1838 2899 coram
1853 2870 1933 2900 dic‘ito
1947 2869 2172 2906 Omnipotente,
2191 2869 2247 2906 ipse
2262 2869 2340 2899 Wal-

1283 2912 1374 2941 ther-us
1389 2909 1590 2942 praedecessori
1604 2909 1702 2939 nostro
1717 2908 1885 2946 Litterisque
1901 2909 1952 2937 suis
1970 2908 2110 2942 injuriatur
2124 2909 2153 2937 in
2167 2907 2222 2937 illo.

1323 2950 1404 2980 Nam
1430 2948 1596 2980 Antecessor
1621 2948 1730 2984 noster,
1759 2947 1960 2976 recordationis
1979 2946 2050 2982 pire,
2068 2945 2117 2974 alia
2136 2946 2166 2975 in
2190 2945 2242 2975 hac
2265 2945 2344 2978 causti

1283 2999 1342 3019 non
1358 2989 1476 3026 scriplit,
1496 2989 1578 3026 quam
1594 2997 1624 3016 ea
1640 2986 1675 3015 de
1690 2985 1806 3023 quibus,
1823 2995 1838 3014 a
1854 2983 1988 3014 Domino
2004 2982 2156 3012 Theodorico
2172 2983 2259 3012 Roder
2273 2983 2344 3014 Pro-

1280 3027 1372 3060 vvisore
1391 3037 1419 3056 in
1436 3026 1537 3056 Butow
1546 3049 1555 3062 ,
1575 3026 1607 3055 δε
1623 3023 1756 3061 Johanne
1769 3021 1872 3051 Stolcen
1886 3020 2063 3051 Praeconsule
2077 3020 2205 3052 Civitatis
2219 3021 2326 3061 Elbing
2335 3044 2345 3059 ,

1285 3064 1536 3097 Ambasiiatoribus
1549 3063 1600 3092 suis
1615 3063 1648 3093 &
1665 3060 1806 3097 Nunciis,
1825 3059 1994 3089 Informatus
2006 3059 2067 3089 fuit.

1320 3104 1374 3141 Et,
1394 3102 1412 3131 si
1433 3103 1541 3139 aliqua,
1559 3108 1643 3136 prout
1665 3109 1724 3128 non
1747 3099 1900 3136 speramus,
1919 3098 1945 3127 in
1960 3097 2113 3134 hujusmodi
2132 3097 2242 3128 Litteris
2256 3098 2344 3137 negli-

1282 3143 1373 3180 gentia
1395 3139 1541 3170 commiffa
1560 3137 1668 3173 fuisset,
1692 3137 1814 3174 ipsorum
1836 3145 1870 3166 ex
1892 3135 2128 3166 Ambassiatorum
2151 3136 2344 3174 suprascripto-

1283 3190 1346 3247 rurYn
1356 3201 1365 3216 ,
1384 3180 1417 3210 ὃς
1433 3187 1492 3207 non
1506 3175 1718 3206 Praedecessoris
1733 3173 1838 3213 nostri,
1856 3175 2030 3213 negligentiis
2044 3174 2090 3205 seu
2105 3174 2262 3205 Oblivione
2277 3185 2343 3206 eve-

1283 3220 1322 3248 nil
1336 3226 1372 3246 et.

1319 3256 1367 3286 Set
1393 3254 1442 3291 ipsi
1463 3252 1577 3283 Nuncii
1597 3252 1640 3282 seu
1664 3250 1880 3281 Ambaffiatores
1901 3250 2027 3288 praedicti
2047 3251 2131 3282 etiam
2152 3260 2282 3283 notanter
2301 3252 2345 3284 di-

1284 3303 1369 3329 cunt,
1386 3291 1465 3331 quod
1489 3291 1506 3308 ²*
1523 3301 1576 3331 pro
1598 3291 1676 3330 ipsis,
1693 3300 1708 3319 a
1730 3289 1824 3329 Regni
1840 3288 1940 3328 Regiae
1956 3288 2107 3326 Maiestatis
2119 3289 2219 3320 vestrae
2233 3290 2346 3322 Conci-

1283 3334 1338 3370 lio,
1357 3331 1517 3369 Sententia,
1537 3339 1621 3368 quam
1644 3330 1673 3359 in
1697 3328 1798 3368 scripto
1813 3328 1931 3366 habent,
1951 3328 2002 3358 lata
2015 3327 2122 3361 fuissem
2142 3338 2225 3368 quae,
2244 3329 2263 3360 fi
2276 3340 2343 3368 pro-

1283 3372 1373 3401 secuta
1395 3368 1504 3406 fuisset,
1523 3377 1627 3398 extunc
1645 3367 1691 3403 ipfl
1713 3366 1877 3404 sperassent,
1901 3376 1954 3396 nec
1973 3366 2046 3396 aliud
2070 3367 2225 3406 scivissent,
2244 3378 2343 3406 quam-

1282 3419 1336 3448 que
1355 3409 1420 3447 ipsi,
1437 3407 1529 3437 adhuc
1549 3405 1621 3436 Tria
1634 3404 1717 3436 Milia
1733 3404 1911 3434 Nobiloruin
1925 3404 2048 3434 habuiffe
2062 3404 2238 3444 debuissent,
2255 3416 2290 3437 ex
2305 3416 2342 3437 eo

1284 3448 1362 3485 quod
1385 3445 1484 3476 Naves
1506 3445 1559 3486 Sex
1579 3444 1639 3474 sunt
1653 3445 1681 3473 in
1696 3442 1851 3480 Numero,
1870 3452 1934 3480 quae
1950 3443 1978 3473 in
1992 3441 2195 3475 Conventione
2208 3445 2242 3476 δε
2259 3445 2341 3484 Qe-

1285 3486 1338 3516 rela
1355 3484 1543 3523 Apprcbeniae
1557 3483 1677 3512 fuerunt.
2278 3498 2281 3502 ι

1319 3523 1457 3559 Eatenus,
1477 3520 1654 3551 Sereniffime
1672 3519 1823 3555 Princeps,
1845 3519 2013 3558 singulariter
2033 3519 2144 3550 dileetae
2165 3520 2262 3551 vestrae
2282 3520 2342 3552 Re-

1283 3564 1337 3602 gire
1358 3559 1523 3592 Celsitudini
1538 3559 1718 3598 supplicamus
1732 3557 1920 3595 considentes,
1940 3567 1970 3588 ut
1985 3558 2074 3596 ipsqm
2090 3559 2251 3595 saepefatum
2265 3558 2341 3588 We!-

1285 3601 1391 3630 therum
1406 3622 1415 3636 ,
1435 3596 1668 3627 Ambasliatorem
1689 3596 1721 3625 &
1742 3595 1896 3625 Niincium
1915 3596 2070 3627 Sei-enitatis
2090 3596 2189 3627 vestrae
2202 3619 2211 3635 ,
2227 3596 2260 3626 ad
2282 3597 2340 3627 hoc

1285 3648 1379 3669 tenere
1396 3636 1486 3667 velitis
1508 3634 1596 3672 ipsum
1620 3635 1651 3664 ὃτ
1674 3633 1825 3663 informare
1843 3644 1895 3673 pro
1916 3636 1975 3664 tarn
1995 3635 2087 3674 gravia
2102 3635 2187 3665 verba
2201 3634 2339 3672 dimittat,

1287 3679 1315 3707 in
1332 3687 1368 3706 eo
1382 3676 1481 3705 etiarn,
1503 3673 1580 3711 quod
1591 3672 1718 3711 Juratum
1731 3671 1790 3710 est,
1809 3675 1964 3703 contentari
1974 3673 2049 3703 velit.

1324 3714 1394 3745 Nec
1417 3712 1630 3751 Magnificentia
1652 3709 1742 3741 vestra
1763 3710 1905 3743 admittere
1920 3712 2048 3750 dignetur
2059 3709 2136 3748 quod
2149 3709 2203 3747 ipse
2217 3709 2342 3741 Walthe-

1286 3764 1331 3782 rus
1353 3752 1489 3791 Regnum
1510 3751 1542 3781 &
1562 3749 1666 3779 Terras
1688 3748 1812 3787 nostras,
1834 3759 1865 3778 ur
1884 3749 1933 3787 fit,
1958 3759 2025 3780 cum
2045 3749 2134 3778 verbis
2155 3748 2205 3777 suis
2224 3750 2343 3786 gravidis

1288 3798 1465 3828 comportat,
1482 3797 1514 3817 ex
1536 3797 1572 3817 eo
1589 3788 1665 3826 quod
1687 3787 1784 3817 omnia
1807 3786 1879 3817 Rata
1893 3789 1926 3819 ὅ(
1944 3787 2038 3817 Firma
2055 3794 2149 3816 tenere
2163 3785 2295 3817 volumus
2308 3789 2341 3820 &

1289 3830 1391 3859 babere
1405 3837 1467 3866 quze
1481 3826 1663 3864 praedeceffor
1678 3824 1789 3863 noster,
1809 3826 2007 3855 recordationis
2021 3825 2074 3863 piae
2083 3846 2094 3861 ,
2114 3822 2227 3854 Litteris
2239 3825 2290 3855 suis
2302 3826 2342 3856 af-

1291 3867 1410 3897 firm-avit
1433 3864 1579 3901 Sigillatis3
1596 3873 1678 3903 prout
1703 3865 1788 3893 etiam
1809 3863 1862 3904 ipsa
1881 3862 2062 3901 Compositio
2080 3862 2213 3900 approbat
2224 3873 2288 3901 quae
2301 3863 2345 3894 Si-

1293 3905 1360 3944 gillo
1376 3903 1472 3934 nostro
1487 3902 1526 3931 est
1541 3901 1647 3931 firmata
1662 3903 1694 3933 &
1714 3901 1837 3939 sigillata,
2257 3933 2260 3936 Α

1330 3943 1460 3972 Necnon
1475 3941 1564 3977 ipsum
1581 3939 1750 3969 Waltherum
1763 3937 1877 3976 Sibillir,
1896 3947 1947 3974 pro
1962 3937 2065 3967 Littera
2078 3937 2121 3967 sua
2135 3938 2347 3978 sigillata,va

1296 3980 1446 4018 possibilius
1468 3979 1553 4017 quam
1573 3977 1626 4015 ipse
1648 3977 1715 4009 Nos
1724 3999 1734 4015 ,
1748 3985 1880 4008 amovere
1893 3975 2049 4013 possemus;
2069 3985 2104 4008 ex
2117 3986 2153 4008 eo
2165 3978 2242 4016 quod
2256 3975 2347 4015 maJ‘o-

2288 4023 2350 4046 rem

2362 3295 2381 3315 ⁴*
2396 3297 2464 3325 vti.
2488 3277 2490 3279 ¹

2361 3336 2429 3371 580.
