2561 4251
702 152 1159 196 ETACTA
1243 148 1725 190 PUBLICA.
2249 162 2298 199 91

3 248 75 280 Ann.
84 244 126 275 D.

27 291 111 324 1379-

189 247 222 278 In
237 245 314 283 cujus
323 267 332 282 ‚
351 243 411 274 &c.

1248 234 1301 272 de,
1320 243 1378 264 noz
1396 235 1461 264 bien
1482 233 1576 264 Arnez
1594 233 1735 272 Coufins,
1753 235 1786 265 δε
1807 231 1908 263 Feaulx
1928 231 2061 271 Misercs,
2084 231 2178 271 Jehan
2196 237 2253 264 Sire
2273 235 2304 265 de
2327 230 2453 263 AnnDs

225 283 315 315 Teste
330 281 411 320 Rege
425 279 497 318 apud
513 279 817 317 westmonasterium,
831 278 967 310 vicesimo
981 277 1026 308 die
1042 275 1189 317 Ostobris.

1247 276 1429 302 Rea-umnam
1444 298 1453 310 ,
1477 273 1538 303 Sire
1557 272 1654 302 Oliver
1671 276 1728 302 Sire
1746 273 1777 301 de
1798 272 1974 301 Montauban
1990 296 1998 308 ,
2023 281 2082 302 noz
2102 272 2221 312 Platona,
2243 274 2305 304 Sire
2345 271 2430 309 1380.

3 327 54 355 Ric.
75 332 101 350 2·

4 484 20 501 ὓ
31 484 98 511 VH.

8 531 69 559 ²3¹·

7 665 84 697 Ann.
99 662 140 694 D.

37 712 120 742 1379-

8 745 58 770 An.
80 752 104 778 3.

11 802 118 855 Vszscs3.

10 860 39 884 R.
56 868 126 885 2.m.

873 357 926 384 Per
948 354 1098 384 Concilium.

158 482 186 509 ’Ῑέ
213 485 262 516 De
281 480 460 514 Intenclcndo
483 482 603 513 Nuncio
629 481 752 511 Domini
770 481 890 511 Summi
909 478 1056 522 Ponti-'ficis
1073 481 1210 512 Innocen-

203 534 280 563 tiam
304 532 386 575 Papa
410 533 446 568 (ᾖν
475 529 605 574 Causam
622 528 749 570 Ecclefiae
767 531 798 559 in
817 529 943 559 Ducam
960 528 1132 572 Aquitaniae
1148 531 1210 562 De-

196 577 330 623 ftnffiro.

166 662 301 718 REX,
321 663 429 694 dilec'tis
444 661 477 692 ὃς
493 660 619 692 fidelibus
632 661 700 699 suis,
720 661 837 692 Locum
851 662 930 692 suum
947 663 1052 693 tenenti
1067 664 1096 692 in
1119 662 1218 693 Duca-

243 711 273 732 tu
289 702 465 739 Aquitaniae,
479 709 512 730 ac
538 697 643 737 Maiori
667 700 795 730 Civitatis
811 701 987 740 Burdegalae,
1006 700 1218 739 Senescalloque

162 737 340 776 Landarum,
357 740 389 770 &
407 739 512 776 Maiori
527 737 610 768 Villae
625 738 755 776 Baionae,
774 741 822 776 qui
836 750 913 769 nunc
930 739 1009 777 sunt,
1027 739 1072 769 vel
1095 740 1143 776 qui
1165 749 1217 776 pro

162 785 291 816 tempore
314 787 414 814 erunt,
439 787 554 807 necnon
573 777 674 815 Juratis
695 777 834 808 distarum
855 777 984 807 Civitatis
1006 778 1039 808 ὃς
1059 778 1159 815 Vilice,
1184 787 1218 807 ac

164 817 297 846 omnibus
318 815 375 844 aliis
395 815 534 846 Fidelidus
556 817 589 847 &
611 815 736 846 Subditis
757 816 809 846 suis
829 818 860 845 in
882 815 999 846 Ducatu
1013 815 1168 854 praedicto,
1184 816 1218 845 ad

162 863 249 892 quos,
268 854 328 884 &c.
347 853 479 884 Salutem.

201 891 348 929 Vidtmm,
367 903 416 930 per
438 893 544 922 Literas
562 891 679 922 Bullatas
699 891 821 921 Domini
836 890 926 921 nostri
941 890 1053 921 Summi
1072 891 1220 923 Pontificis

161 929 285 968 Urbani,
305 930 413 961 Divina
435 929 633 967 Providentia,
651 931 732 966 Papae
751 933 843 968 Sexti,
861 930 944 959 nobis
964 930 1116 967 exhibitas,
1135 932 1168 961 δε
1192 941 1222 961 e-

161 968 229 998 tiam
250 969 309 999 satis
320 969 420 999 scimus
436 968 515 1006 quod
532 968 606 997 idem
623 968 756 997 Summus
770 968 919 1006 Pontifex,
933 969 1000 1005 J'uris
1021 968 1221 1006 solempnitati-

160 1006 214 1036 bus
232 1008 403 1044 observatis,
430 1015 529 1038 contra
548 1005 693 1035 Robertum
712 1006 835 1036 Gebonen
856 1009 1046 1045 Antipapam,
1068 1008 1102 1038 &
1123 1017 1222 1044 quam-

160 1045 252 1082 plures
268 1046 350 1082 alios,
370 1045 428 1075 tam
449 1045 520 1075 olim
543 1044 718 1082 Cardinales,
737 1046 822 1082 quiin]
843 1046 913 1075 olim
930 1045 1121 1076 patriarcham
1137 1044 1222 1075 Con-

161 1083 456 1151 stmffinppolitanum,
474 1084 601 1121 olimque
616 1083 868 1121 Archiepiscopos,
887 1083 1062 1122 Episcopos,
1081 1082 1223 1123 Clericos,

161 1124 196 1153 &
250 1123 317 1151 iites

201 1160 278 1198 Qi,
298 1145 496 1198 ut’Iniquitatis
509 1159 590 1198 Filii,
607 1161 681 1191 viam
693 1159 813 1198 Justitiae
826 1160 991 1197 deserentes,
1005 1161 1038 1191 &
1054 1160 1152 1191 Deum
1164 1171 1223 1198 prae

162 1198 253 1229 oculis
279 1208 338 1228 non
361 1199 493 1229 habentes
507 1222 516 1237 ,
542 1208 642 1230 contra
666 1199 756 1236 ipsum
778 1198 942 1229 Dominum
965 1199 1094 1229 nostrum
1116 1198 1222 1236 Papam

162 1236 280 1266 diversas
297 1235 546 1276 Conspirationcs,
563 1237 784 1274 Colligationes,
801 1238 835 1267 &
850 1236 1075 1267 Machinationes
1097 1238 1171 1268 falsas
1189 1239 1222 1268 ὃς

163 1275 312 1306 malitiosas
332 1275 449 1306 subdole
473 1276 616 1314 fecerunt,
634 1276 666 1306 &
689 1275 825 1306 Scismata
848 1276 875 1305 in
897 1275 955 1306 Dei
976 1275 1103 1306 Ecclesia
1123 1276 1223 1315 posue-

164 1322 230 1344 runt

203 1338 246 1382 Et7
256 1352 402 1390 praefatum
418 1352 564 1382 Robertum
586 1352 692 1390 Papam
713 1353 877 1390 nominare,
893 1351 1062 1389 dierumque
1083 1352 1224 1382 Sanffiffi-

166 1400 248 1420 mum
266 1391 379 1421 Patrem
394 1391 558 1422 Dominum
570 1391 710 1420 Urbanum
719 1393 823 1428 Papam
834 1400 893 1421 non
907 1390 964 1420 esse
974 1390 1090 1421 asserere
1103 1392 1136 1421 ὃς
1150 1401 1224 1428 prae-

165 1429 251 1459 dicari
265 1429 356 1459 facere
369 1429 580 1468 dampnabiliter
593 1429 838 1467 praesumpserunt,

203 1467 241 1497 Et
259 1469 296 1498 ab
314 1468 473 1506 hujusmodi
492 1468 656 1499 Excessibus
674 1467 818 1505 desistere,
837 1468 870 1499 &
891 1468 926 1497 ab
949 1476 1049 1497 eorum
1074 1467 1224 1498 Erroribus

166 1505 336 1545 resipiscere,
356 1516 527 1544 quamquam
549 1507 582 1537 ad
605 1506 663 1536 hoc
685 1515 735 1543 per
755 1505 846 1542 ipsum
866 1505 1078 1536 Sane‘tiffimum
1094 1506 1226 1545 Patrem,

163 1552 284 1582 paterno
295 1545 360 1574 zelo
373 1545 543 1583 deductum,
561 1545 665 1575 moniti
681 1545 806 1582 fuerant,
823 1544 991 1582 noluerunt,

202 1582 307 1613 Certos
322 1582 471 1613 Proceffus
484 1583 568 1621 fecit,

202 1621 259 1652 Per
278 1630 349 1659 quos
369 1620 518 1652 declaravit
539 1621 610 1659 ipsos
628 1630 728 1651 ornnes
742 1620 824 1650 fuisse
837 1621 870 1651 δε
885 1621 941 1651 esse
955 1621 1151 1660 Scismaticos,
1168 1623 1227 1653 Ex-

166 1660 413 1697 communicatos,
437 1658 713 1699 Anathematizatos,
736 1658 901 1698 ApostataS,
924 1660 956 1691 ὃς
982 1659 1175 1700 Blasphem0s‚
1193 1664 1226 1693 &

166 1706 300 1736 tanquam
314 1697 472 1728 Haereticos
486 1698 658 1736 puniendos,
780 1727 784 1730 ,

204 1736 415 1775 PraediCffisque
429 1736 500 1766 olim
522 1736 683 1766 Cardinales
703 1746 718 1765 a
741 1735 984 1767 Cardinalitatibus
1002 1736 1147 1768 Romanae
1170 1738 1228 1769 Ec-

167 1774 275 1813 clefiae,
294 1775 327 1806 &
340 1775 375 1805 ab
390 1776 471 1805 omni
486 1774 678 1805 Cardinalatus
692 1774 866 1805 Commodo
876 1776 909 1806 &2
924 1775 1063 1814 Honore,

207 1811 398 1852 Praefatosque
417 1813 487 1843 olim
505 1813 692 1844 Patriarcham
707 1837 716 1851 ,
742 1813 994 1851 Archiepiscopos‚
1020 1815 1053 1844 &
1074 1814 1229 1855 Episcopos

167 1852 205 1883 ab
218 1853 351 1882 omnibus
366 1851 576 1883 Pontificalibus
594 1853 627 1884 ὃς
649 1852 874 1890 quibuscumque
895 1852 1086 1891 Dignitatibus
1106 1855 1139 1884 δε
1162 1854 1231 1885 Ho-

167 1891 285 1921 noribus
300 1889 513 1927 Ecclesiasticis,

207 1929 243 1959 Et
262 1929 330 1960 alios
353 1929 480 1960 Clericos
504 1928 671 1967 praedietos,
688 1929 914 1967 quibuscumque
928 1929 1139 1969 Dignitatibus,
1160 1931 1228 1963 Per-

168 1968 324 2006 somatibus,
343 1969 376 1999 &
389 1966 503 1997 Officiis
538 1978 570 1998 ac
585 1967 733 1998 Beneficiis
747 1968 963 2006 Ecclefiasticis‚

208 2005 339 2037 Necnon
360 2006 453 2037 distos
476 1991 582 2037 Milites
604 2008 738 2037 omnbus
757 2006 965 2045 Dignitatibus,
989 2006 1174 2046 Honoribus,
1194 2009 1229 2039 ὃς

170 2044 271 2075 Gradu
295 2044 407 2076 Militiae
433 2054 466 2075 ac
487 2044 613 2085 Cingulo
627 2044 761 2083 Militari,
777 2045 858 2076 fuiffe
875 2046 908 2076 &
919 2045 976 2076 esle
991 2047 1129 2085 privatos,
1144 2046 1231 2084 ipsos-

1247 311 1360 350 Estepne
1379 313 1484 348 Goron,
1505 311 1565 341 Sire
1583 309 1697 351 Eustase
1715 311 1746 340 de
1764 309 1792 339 la
1811 312 1944 348 Housaie,
1960 319 2018 339 noz
2034 310 2187 341 Baclxeliers

1247 349 1400 387 Ragavell,
1416 350 1449 379 ὃε
1467 349 1565 387 Jehan
1584 350 1615 378 de
1634 349 1662 378 la
1680 348 1807 386 chapell,
1822 347 1920 386 Jelmn
1938 349 1966 378 ,ζα
1988 349 2115 387 Valessce,
2134 352 2166 381 ὃς
2182 350 2307 380 Richard

1247 387 1272 416 le
1289 386 1382 425 clerc,
1401 396 1458 416 noz
1476 387 1644 417 Conseillers
1662 387 1695 418 ἃ
1715 386 1830 425 Clercs,

1285 425 1338 455 Par
1357 426 1432 455 bone
1448 425 1641 455 Deliberation
1661 426 1703 455 sur
1719 435 1753 455 ce
1772 435 1841 464 eue,
1860 426 1893 456 &
1912 435 1931 454 o
1950 424 2149 464 l'Avisement,
2173 425 2207 457 δε
2222 425 2306 457 Con-

1247 463 1319 500 seill,
1344 464 1378 494 &
1397 462 1621 493 Consenternent
1638 463 1685 493 des
1704 463 1823 502 Barons,
1849 462 2014 501 Chivalers,
2042 466 2075 495 ἃ
2093 474 2180 495 autres
2197 464 2233 495 de
2251 474 2306 495 no-

1248 502 1302 532 stre
1322 501 1454 538 Aliance‚

1284 540 1384 570 Avons
1402 539 1505 569 envoie
1523 540 1556 570 &
1574 541 1713 569 envoions
1737 549 1773 569 en
1798 540 1962 580 Angleterre
1975 563 1985 577 ,
2012 549 2060 578 par
2081 540 2179 571 devers
2195 566 2204 579 ,
2235 551 2307 572 mon

1249 578 1453 608 Treihonoure
1470 578 1502 608 &
1522 577 1732 607 Tresredoubte
1748 581 1873 615 Seigmur
1887 601 1896 616 ,
1931 578 1956 608 le
1972 581 2025 619 [ἐν]
2047 578 2078 608 &
2096 578 2144 609 son
2164 579 2308 619 Conseill‚

1251 627 1324 654 pour
1344 616 1429 646 Allier
1448 626 1536 653 nous,
1555 624 1614 645 noz
1631 616 1691 645 ditz
1710 615 1830 653 Borons,
1848 616 2007 654 Chivalcrs,
2034 617 2067 647 ὃς
2085 626 2174 648 autres
2189 618 2224 648 de
2242 629 2309 649 nos-

1252 664 1294 684 tre
1313 655 1432 685 Aliance
1447 677 1455 692 ,
1479 655 1515 684 de
1533 653 1628 683 nostre
1646 653 1706 682 Pais
1725 654 1760 683 de
1779 654 1922 692 Bretaiane
1937 679 1946 693 ,
1971 665 2091 693 aveques
2106 666 2176 685 mon
2193 657 2233 687 dit
2249 658 2310 688 Sei-

1254 703 1347 729 gnour
1371 693 1397 724 le
1424 692 1492 732 Roy
1506 715 1515 730 ,
1547 694 1579 723 &
1598 691 1635 721 les
1655 691 1735 721 Gens
1751 692 1786 722 de
1805 693 1853 723 son
1873 693 2005 723 Roialme
2019 717 2026 730 ‚
2059 694 2085 724 le
2101 694 2142 725 dit
2162 694 2310 726 Monlieur

1251 731 1277 760 le
1298 730 1384 770 Roy,
1409 732 1442 762 ὃς
1458 730 1496 760 ses
1515 730 1658 767 Subgie'L,
1679 739 1820 767 ovecques
1839 741 1926 767 nous,
1951 732 1983 761 ἃ
2002 732 2045 761 lez
2063 742 2135 770 noz,
2162 742 2197 762 en
2218 732 2312 764 forme

1254 769 1286 799 ὃ(
1303 779 1415 798 manere
1433 769 1512 806 qu’ils
1532 776 1646 799 verront
1664 777 1720 805 que
1738 769 1803 798 bien
1822 770 1893 806 sera,
1911 771 1944 800 ὃς
1963 770 2033 800 dont
2054 770 2084 800 ils
2098 781 2236 808 pourront
2249 771 2313 802 Co·-

1253 808 1333 874 xjeplir
1349 808 1382 838 ὃς
1402 807 1549 845 Acorder,
1568 817 1588 836 o
1606 806 1632 836 le
1650 806 1691 836 dit
1711 806 1845 847 Monfieur
1864 806 1886 836 le
1904 810 1975 845 Roy,
1994 810 2027 838 ὅ(
2042 809 2091 838 son
2110 809 2212 839 Noble
2226 809 2310 840 Cona

1255 846 1290 874 lei

1292 867 1433 920 Esquelles
1455 881 1582 913 Chouses
1603 883 1671 913 faire
1684 906 1694 921 ,
1718 884 1752 914 ὃς
1772 892 1786 912 a
1807 883 1869 914 lour
1891 883 2098 923 Dependances
2113 907 2122 922 ,
2139 886 2172 915 ἃς
2188 888 2235 923 qui
2248 896 2262 916 a
2277 896 2312 918 ce

1256 930 1435 958 appartcnant
1451 945 1460 960 ,
1484 923 1517 952 δε
1532 922 1635 952 deuant
1646 923 1818 960 appartenir,
1837 932 1875 952 ou
1893 932 1962 951 nom
1977 922 2012 952 de
2030 932 2116 959 nous,
2135 924 2169 953 de
2185 934 2244 954 noz
2260 925 2312 955 Ba-

1258 969 1324 989 rons
1339 981 1348 996 ,
1374 958 1534 990 Chevaliers
1548 983 1557 997 ,
1583 961 1616 991 ὃς
1631 969 1719 990 autres
1734 960 1769 989 de
1784 960 1880 990 nostre
1893 959 2013 998 Duche,
2030 963 2079 998 qui
2094 961 2155 992 sont
2168 961 2203 991 de
2218 963 2314 993 nostre

1260 997 1394 1036 Aliance,
1413 1008 1500 1028 avons
1513 998 1617 1028 Establi
1630 999 1663 1029 δε
1678 998 1863 1036 Οι’<16η6,-ὃ;
1881 1009 1928 1035 par
1941 1009 1986 1029 ces
2001 999 2138 1036 presentes
2153 1000 2314 1030 establisons

1258 1037 1292 1066 δε
1313 1036 1471 1067 ordrenons
1488 1060 1497 1075 ,
1522 1037 1561 1067 les
1582 1036 1659 1066 destis
1681 1036 1740 1066 ditz
1761 1046 1819 1066 noz
1840 1037 2014 1066 Procurours
2034 1038 2067 1067 &
2082 1037 2313 1076 Attournez,·&

1258 1074 1322 1105 lour
1342 1085 1377 1105 en
1399 1074 1545 1106 Donnons
1569 1074 1687 1105 Pouaier
1701 1097 1711 1112 ,
1730 1085 1816 1105 corne
1831 1075 1849 1104 si
1864 1074 1972 1113 present
1986 1074 2107 1114 estions,
2126 1077 2158 1107 ὃς
2174 1087 2189 1106 a
2204 1077 2316 1114 Quatre

1259 1112 1351 1142 d’eulx
1365 1123 1400 1143 en
1414 1113 1531 1144 absence
1544 1114 1592 1144 des
1609 1122 1714 1144 autres:

1298 1151 1335 1182 Et
1354 1150 1538 1183 Promettons
1553 1174 1561 1189 ,
1587 1163 1622 1182 en
1642 1153 1738 1181 bonne
1761 1151 1822 1190 Foy
1838 1176 1847 1189 ,
1866 1151 1899 1182 δε
1913 1161 1961 1189 par
1972 1151 1999 1182 le
2013 1152 2156 1183 Seremant
2171 1152 2207 1183 de
2220 1153 2318 1184 nostre

1260 1188 1372 1228 Corps,
1389 1191 1467 1220 avoir
1482 1191 1583 1221 Ferme
1597 1192 1630 1222 ὃς
1646 1190 1759 1220 Estable
1772 1198 1835 1220 tout
1854 1199 1888 1220 ce
1904 1200 1958 1228 que
1973 1200 2020 1227 par
2034 1191 2072 1220 les
2087 1191 2166 1221 desus
2180 1191 2257 1230 ditz,
2274 1202 2315 1222 ou

1261 1229 1371 1266 Qatre
1389 1228 1480 1258 d'eulx
1493 1253 1503 1267 ,
1529 1238 1647 1259 comme
1666 1228 1706 1258 dit
1722 1251 1732 1266 ,
1752 1228 1807 1258 sera
1822 1227 1899 1265 Fait,
1918 1228 2050 1267 Acorde,
2067 1230 2100 1260 δε
2116 1229 2256 1268 Covenu,
2273 1230 2318 1261 sur

1260 1267 1298 1296 les
1319 1266 1426 1297 Choses
1447 1267 1595 1298 desusdites
1608 1290 1617 1305 ,
1640 1276 1760 1303 aveques
1784 1276 1854 1296 mon
1875 1268 1917 1296 dit
1937 1270 2061 1304 Scigneur
2081 1267 2105 1297 le
2127 1271 2198 1308 Roy,
2216 1270 2249 1300 ὃς
2265 1269 2317 1299 son

1262 1303 1387 1335 Conseill
1400 1327 1409 1343 ,
1436 1307 1469 1336 δε
1487 1306 1525 1336 les
1547 1306 1638 1336 Tenir
1651 1329 1660 1343 ,
1686 1304 1861 1335 Parfourmir
1876 1328 1884 1342 ,
1903 1307 1936 1336 &
1952 1306 2100 1345 Acotnplir
2113 1307 2176 1336 bien
2192 1308 2225 1338 &
2239 1308 2317 1338 loial-

1262 1352 1359 1380 ment,
1377 1343 1434 1373 sans
1452 1344 1566 1382 fraude,
1586 1354 1622 1374 ne
1644 1344 1697 1373 mal
1719 1344 1819 1381 engin,
1838 1343 1935 1374 l'Estat
1950 1344 1985 1373 de
1998 1354 2087 1381 nous,
2106 1353 2164 1375 nez
2179 1344 2318 1384 Subgies‚

1263 1381 1439 1449 Franchiseg,
1458 1381 1611 1421 Libertez,
1626 1383 1659 1413 δε
1683 1380 1857 1412 Coustumes
1877 1381 1914 1412 de
1935 1381 2030 1412 nostre
2054 1382 2161 1413 Duclie
2182 1382 2319 1414 Guardez

1263 1429 1297 1449 en
1312 1427 1376 1450 tout
1421 1430 1464 1450 as:

1300 1456 1339 1488 Et
1352 1468 1366 1487 a
1382 1467 1416 1488 ce
1432 1468 1503 1488 nous
1516 1458 1690 1498 Obligeons,
1709 1468 1781 1495 pour
1797 1468 1883 1495 nouS,
1903 1460 1936 1490 δε
1948 1467 2006 1488 noz
2021 1459 2144 1498 Subgiez
2158 1481 2168 1497 ,
2194 1459 2237 1490 sur
2253 1459 2317 1490 l'O-

1261 1495 1396 1533 bligation
1410 1495 1445 1526 de
1459 1505 1529 1526 touz
1544 1506 1595 1527 nos
1610 1496 1691 1526 Biens
1706 1496 1832 1526 meubles
1847 1497 1879 1527 &
1893 1496 2050 1536 HeritageS.

1299 1534 1344 1564 En
1358 1534 1610 1571 Tesmoingnance
1624 1534 1671 1564 des
1693 1534 1794 1572 quelles
1807 1558 1816 1572 ,
1835 1535 1868 1565 &
1882 1535 2019 1565 chescune
2032 1535 2109 1565 desus
2123 1535 2192 1566 dites
2201 1558 2210 1574 ,
2228 1536 2318 1568 Nous

1262 1583 1350 1603 avons
1371 1572 1467 1602 donne
1487 1574 1521 1604 δε
1542 1573 1674 1603 donnons
1695 1583 1741 1602 ces
1760 1573 1897 1610 presentes
1916 1573 2025 1603 Lettres
2041 1597 2051 1610 ,
2068 1574 2158 1603 seelles
2173 1575 2209 1604 de
2222 1575 2318 1606 nostre

1263 1612 1348 1642 Prive
1362 1610 1440 1650 Seal,
1459 1610 1486 1641 le
1498 1611 1609 1651 x.J0ur
1622 1611 1658 1641 de
1668 1610 1786 1649 Januer,
1807 1610 1873 1641 l'An
1890 1611 1936 1651 M.
1955 1610 2052 1641 CCC.
2072 1611 2224 1643 LXXIX.

1301 1687 1430 1757 Οοηὲὶῗῑ
1449 1687 1582 1720 confianz
1603 1687 1700 1719 donne
1721 1696 1808 1719 come
1821 1687 1915 1727 desus,
1933 1688 2099 1727 d'entreling
2113 1688 2209 1719 chous.
2226 1689 2322 1720 donne

1263 1737 1350 1758 come
1382 1737 1448 1758 eus.

1552 1806 1610 1834 Par
1624 1803 1648 1834 le
1664 1807 1724 1834 Duc
1738 1815 1770 1834 en
1776 1802 1829 1843 fian
1842 1806 1936 1834 Grant
1952 1801 2070 1843 Corzfi’ill.
2088 1803 2218 1834 Richard-

1429 1880 1482 1911 Sub
1497 1880 1585 1918 Sigillo
1600 1883 1720 1911 Privato
1728 1882 1854 1918 praediffl
1867 1884 1951 1912 Ducis
1965 1881 1996 1910 de
2011 1880 2082 1911 Cerri
2096 1880 2179 1910 rubed
2190 1880 2324 1919 pendente

1482 1931 1500 1949 a
1515 1919 1599 1949 cauda
1608 1927 1786 1958 pergarnenae.

2193 336 2202 349 .,
2222 315 2304 342 Mace
2324 311 2376 337 Ric-
2397 319 2422 337 ²-

274 2084 279 2090 ,
338 2085 344 2090 ,
1499 2047 1549 2079 De
1569 2045 1720 2093 Paffizgio,
1742 2057 1797 2092 pro
1820 2042 2086 2092 Redemptionibus.

168 2093 225 2122 que
240 2092 374 2128 priyawt,

207 2122 253 2153 Ac
269 2133 306 2153 eis
319 2123 498 2161 quamplures
512 2123 575 2154 alias
590 2123 693 2154 Poenas
709 2124 742 2155 &
758 2122 928 2162 sententias,
944 2124 1022 2162 juxta
1044 2133 1145 2155 eorum
1169 2123 1231 2155 De-

167 2162 285 2200 merita,
304 2162 453 2200 imposuit,

204 2199 242 2230 Et
256 2200 364 2237 insuper
378 2201 470 2232 voluit
484 2200 564 2239 quod
578 2210 677 2232 omnes
692 2201 725 2232 ὃ(
741 2200 841 2238 singuli
856 2199 961 2231 Christi
981 2200 1107 2239 Fideles,
1126 2203 1174 2240 qui
1195 2201 1229 2232 ad

167 2237 370 2276 praedietorum
400 2238 631 2277 Dampnatorutn
658 2240 831 2277 Captionem
850 2240 883 2270 ὃς
905 2239 1181 2270 Exterminationem
1202 2240 1229 2271 se

167 2278 368 2316 accingerent,
385 2278 418 2308 ὃς
440 2287 489 2308 eos
509 2288 562 2315 pro
585 2277 670 2308 Posse
683 2280 932 2316 prosequerentur,
951 2277 997 2308 illa
1013 2278 1167 2315 gauderent
1180 2279 1229 2309 In-

168 2315 331 2354 dulgentia,
349 2317 456 2354 illoque
474 2316 627 2356 Privilegio
648 2317 738 2348 ess'ent
756 2318 875 2355 muniti,
895 2327 957 2355 quae
980 2316 1180 2348 accedentibus
1200 2321 1229 2348 in

166 2351 272 2389 Terrae
285 2354 397 2385 sanetae
410 2354 572 2386 Subsidium
589 2356 805 2394 conceduntur,

205 2391 364 2432 Didiusque
378 2393 558 2432 Sandizfflmus
573 2396 675 2432 Pater,
696 2395 811 2432 cupiens
824 2393 903 2432 quod
919 2393 1058 2431 praemiffiz
1079 2396 1176 2424 omnia
1194 2394 1229 2424 ad

169 2440 359 2461 communem
380 2431 528 2462 Notitiam
550 2430 656 2462 Christi
678 2433 817 2463 Fidelium
833 2432 1021 2471 deducantur,
1038 2442 1069 2463 ut
1082 2433 1133 2470 ipsi
1147 2432 1231 2463 Fide—

169 2469 210 2499 les
221 2480 236 2499 a
248 2470 451 2505 praedictorum
465 2469 665 2501 Perversorum
680 2471 795 2502 Astutiis
813 2471 1030 2509 praeserventur,
1047 2471 1153 2502 dileeto
1176 2482 1231 2502 no-

172 2508 215 2537 bis
231 2508 335 2547 Fratri,
352 2511 433 2538 Petro
447 2512 588 2547 Maurini,
604 2508 719 2541 Ordinis
732 2510 862 2540 Fratrum
886 2509 1039 2539 Minorum
1059 2509 1231 2549 Professori,

172 2547 201 2576 in
217 2546 302 2578 Sacra
317 2547 479 2587 Theologia
497 2547 655 2587 Magistro,
670 2550 703 2580 &
721 2548 896 2589 Apostolicae
909 2548 987 2578 Sedis
1000 2547 1122 2579 Nuncio
1132 2559 1231 2587 ,com-

170 2585 244 2615 misit
263 2586 296 2616 &
311 2586 607 2625 mandavit,quatinus
621 2587 698 2617 idem
714 2591 812 2617 Frater
834 2590 931 2616 Petrus
964 2586 1044 2617 Fidei
1057 2587 1173 2618 loricam
1189 2589 1232 2618 in-

171 2622 278 2662 duens,
297 2625 329 2655 δε
343 2624 480 2655 Gladium
498 2624 635 2664 Spiritus,
653 2627 703 2664 qui
717 2626 757 2656 est
778 2625 909 2656 Verbum
934 2609 1010 2664 Dei,
1028 2624 1184 2665 affumens,
1203 2627 1232 2656 in

169 2672 234 2693 toto
256 2663 371 2694 Ducatu
393 2663 529 2701 praedieto
549 2663 701 2702 Inquisitor
723 2665 876 2695 I-Iaereticae
896 2664 1041 2695 Pravitatis
1061 2664 1174 2703 existat,
1198 2665 1231 2695 ὃς

171 2709 270 2731 contra
283 2702 413 2740 praefatos
426 2702 621 2739 Scismaticos,
642 2713 674 2732 ac
691 2702 750 2733 Dei
765 2704 798 2734 ὃς
813 2704 870 2741 ejus
889 2703 1002 2733 Sanetae
1022 2701 1156 2733 Ecclefiae
1174 2702 1233 2733 Ini-

174 2741 286 2777 micos,
305 2749 438 2778 tanquam
456 2751 536 2771 verus
550 2741 627 2771 Fidei
648 2740 807 2772 Catholicae
829 2741 930 2778 Pugil,
947 2741 1107 2779 insurgens,
1122 2741 1181 2771 tarn
1203 2742 1232 2770 in

174 2777 315 2815 Publicis,
334 2779 418 2816 quam
439 2779 468 2808 in
489 2778 624 2818 Privatis,
640 2779 826 2810 Sermonibus
845 2781 879 2811 &
902 2779 1168 2818 Praedicationibus,
1184 2779 1234 2809 In·-

173 2817 338 2846 nocentiam
353 2815 478 2852 praediffl
490 2816 613 2846 Domini
627 2817 716 2847 nostri
730 2821 811 2856 Papae
830 2817 937 2847 Urbani
952 2819 985 2850 δε
1006 2817 1140 2848 Ecclesiae
1163 2828 1234 2856 prae-

172 2854 260 2885 didiae
276 2853 397 2884 Causam
413 2853 601 2892 Defensurus,
618 2856 752 2894 assumat,

211 2892 256 2922 Ac
275 2893 353 2923 idem
370 2896 488 2922 Summus
508 2893 638 2933 Pontifhx
657 2894 775 2932 praefato
793 2897 889 2924 Fratri
907 2897 990 2924 Petro
1003 2919 1013 2933 ,
1037 2895 1071 2926 ad
1089 2894 1235 2927 Praemifi'a

173 2932 271 2962 omnia
288 2933 321 2962 &
342 2931 461 2970 singula,
485 2932 518 2962 ὃς
537 2932 702 2970 quamplura
717 2933 765 2963 alia
781 2943 813 2963 ea
831 2936 1048 2971 concernentia,
1073 2934 1235 2965 faciendum

174 2971 208 3000 &
225 2969 395 3000 Executioni
413 2969 641 3001 demandandum
659 2971 774 3011 plenam
793 2973 827 3002 ὃς
844 2972 959 3002 liberam
973 2995 982 3010 ‚
1006 2972 1126 3003 Tenore
1147 2973 1235 3003 dieta-

168 3008 415 3052 ,nnnlLiterarum
431 3032 441 3047 ,
470 3008 608 3040 concessit
626 3009 797 3041 Facultatem
810 3033 820 3049 ,
852 3019 938 3048 prout
956 3012 985 3040 in
1004 3011 1108 3042 eisdem
1134 3011 1235 3042 Literis

177 3047 286 3085 plenius
304 3048 483 3085 continetur,

211 3085 280 3116 Nos
298 3087 397 3125 igitur,
412 3085 525 3125 justitia
543 3088 663 3125 moniti,

214 3124 349 3155 Voleutes
369 3124 503 3156 Domino
521 3126 620 3156 nostro
636 3125 746 3156 Urbano
762 3128 844 3164 Papae
863 3126 1019 3164 praedich,
1045 3134 1145 3158 contra
1163 3137 1237 3165 prae-

175 3160 260 3192 distas
276 3162 410 3192 Personas
426 3163 596 3194 detestabiles
615 3166 648 3196 ὃς
664 3166 796 3202 infames,
814 3166 872 3195 tam
890 3175 937 3203 per
956 3165 1042 3203 Nos,
1061 3167 1147 3203 quarn
1162 3166 1237 3196 Sub-

175 3200 249 3230 ditos
266 3200 378 3230 nostros
397 3202 609 3241 quoscumque,
629 3213 681 3240 pro
698 3204 831 3234 omnibus
849 3204 969 3242 viribus,
987 3204 1108 3235 assistere
1129 3205 1162 3236 ὃς
1176 3214 1237 3235 ma-

176 3247 228 3268 nus
246 3237 351 3268 nostras
366 3248 508 3276 apponere
525 3240 687 3280 adjutrices,

214 3276 306 3306 Vobis
325 3277 504 3314 mandamus,
522 3277 690 3316 districtius,
705 3289 764 3316 quo
778 3281 932 3316 poterimus
948 3280 1140 3318 injungentes,
1155 3280 1235 3318 quod

178 3315 271 3345 eidem
289 3319 383 3345 Fratri
401 3318 482 3344 Petro
503 3315 640 3346 Auditum
659 3316 814 3347 Pacificum
837 3320 866 3347 in
892 3319 944 3349 hac
969 3328 1045 3356 parte
1071 3320 1213 3356 proebeatis
1227 3344 1237 3358 ,

178 3364 211 3384 ac
230 3353 319 3391 ipsum
339 3354 443 3384 Literas
462 3353 606 3391 praediftas
624 3354 772 3385 Publicare
787 3356 820 3386 &
836 3356 986 3393 Exponere
998 3379 1008 3394 ,
1036 3358 1069 3387 &
1087 3357 1123 3387 de
1142 3356 1239 3388 Mate-

180 3392 220 3422 ria
232 3416 241 3429 ,
268 3393 296 3422 in
314 3392 418 3422 eisdem
437 3392 572 3423 contenta
587 3415 596 3430 ‚
619 3394 786 3430 przedicare,
815 3394 916 3431 absque
936 3395 954 3414 ¹*
971 3394 1136 3425 difficultate
1153 3397 1241 3432 quali-

180 3431 244 3468 bet,
257 3431 438 3468 permittatis,
453 3429 599 3468 ipsumque
615 3431 801 3462 favorabiliter
812 3431 1001 3470 Pertrac'letis,
1017 3433 1240 3470 Foveatis,Ma-

180 3469 351 3506 nuteneatis,
377 3468 551 3506 Protegatis,
573 3470 606 3500 ὃς
623 3469 788 3500 Defendatis
800 3494 810 3508 ,
834 3471 863 3500 in
882 3469 1034 3501 Praemiffis
1051 3472 1084 3502 &
1103 3472 1158 3501 aliis
1178 3473 1239 3509 qui-

179 3507 357 3544 buscumque
371 3507 502 3537 faciendis
519 3507 553 3537 &
571 3508 756 3547 exequendis,
770 3509 848 3546 quta
860 3508 1008 3539 Traditam
1019 3509 1066 3541 vel
1079 3508 1240 3548 Injunt‘jtam

178 3556 194 3575 a
213 3545 286 3575 Sede
305 3544 472 3582 Apostolica
489 3544 538 3575 fibi
556 3545 700 3576 Formam.

219 3584 285 3614 Dat.
312 3584 382 3614 infra
405 3583 541 3613 Palatium
568 3582 657 3623 Regis
674 3585 840 3617 Westmon.
857 3585 909 3617 sub
927 3585 1028 3625 Magni
1047 3585 1134 3625 Sigilli
1152 3585 1240 3626 Regis

178 3621 380 3660 Testimonio,
398 3621 484 3652 SeXto
502 3621 548 3651 die
564 3620 745 3653 Decembris.

1266 2129 1599 2201 Rfiggfiltgrrtlritodibus
1626 2130 1744 2171 Paffigii
1765 2131 1794 2161 in
1818 2131 1909 2162 Portu
1931 2129 2077 2162 Dovorrae
2090 2124 2144 2163 'vel
2165 2130 2324 2165 Sandewici
2344 2132 2479 2213 AlngxgoD.

1302 2208 1474 2239 Mandamus
1485 2209 1566 2240 vobis
1582 2208 1661 2248 quod
1676 2208 1835 2248 Johannem
1851 2207 1991 2247 Gavisbn,
2004 2207 2161 2247 Johannem
2177 2211 2271 2248 Payn,
2288 2209 2322 2240 &
2345 2216 2398 2241 An.
2415 2223 2441 2250 3.

1264 2246 1422 2285 Johannem
1438 2251 1524 2285 Oter,
2342 2256 2370 2280 R.
2391 2261 2418 2279 2.

1302 2285 1364 2324 Qi
1379 2310 1388 2323 ‚
1415 2285 1451 2316 de
1470 2286 1600 2317 Licentia
1620 2285 1716 2316 nostra
1728 2310 1738 2324 ,
1763 2285 1854 2317 versus
1869 2286 1964 2316 Partes
1975 2285 2183 2316 Transmarinas
2198 2285 2275 2323 sunt,
2293 2286 2323 2316 in
2341 2294 2428 2317 franc.
2451 2299 2477 2326 3,

1264 2323 1351 2354 altero
1364 2324 1504 2355 Portuum
1527 2324 1731 2362 praeditstorutn
1747 2348 1756 2362 ,
1782 2324 1874 2355 versus
1890 2324 1983 2354 Partes
1998 2324 2161 2362 prcedit‘ltas,
2179 2334 2248 2355 cum
2260 2325 2323 2362 qui-
2343 2333 2372 2356 R.
2383 2338 2450 2356 2.m.

1263 2362 1440 2400 buscumque
1454 2363 1641 2393 Pecuniarum
1657 2363 1789 2400 summis,
2347 2375 2391 2403 ¹5-

1299 2400 1358 2431 Pro
1373 2401 1602 2440 Redemptione,
1621 2401 1792 2431 dilectorum
1805 2402 1839 2432 ὃς
1855 2400 1980 2431 fidelium
1995 2400 2175 2438 nostrorum,
2195 2400 2322 2430 Michae-

1265 2437 1298 2467 lis
1312 2440 1343 2508 ΑΞ
1359 2439 1387 2469 la
1402 2439 1466 2469 Pole
1475 2464 1483 2477 ‚
1501 2439 1644 2478 Johannis
1658 2440 1690 2469 de
1702 2439 1786 2468 Burle
1796 2461 1805 2477 ,
1823 2440 1856 2470 δε
1871 2440 1988 2469 Gerardi
2001 2439 2045 2469 del
2058 2440 2108 2479 Iste
2122 2464 2132 2478 ,
2150 2439 2258 2470 ibidem
2269 2439 2323 2469 sol-

1266 2487 1321 2508 ven
1343 2488 1364 2508 is

1303 2517 1349 2547 Ac
1371 2500 1440 2547 {zum
1463 2516 1563 2547 Literis
1585 2517 1767 2547 Cambitoriis
1782 2539 1791 2554 ,
1819 2517 1853 2547 &
1877 2516 1934 2547 aliis
1957 2516 2056 2547 Literis
2078 2515 2330 2555 quibuscumque,

1265 2552 1367 2623 gbique
1388 2554 1532 2585 Scrutinio
1553 2556 1621 2586 inde
1640 2555 1771 2585 faciendo
1786 2578 1796 2593 ,
1818 2565 1851 2585 ac
1874 2564 1944 2585 cum
1965 2565 2023 2586 uno
2037 2554 2124 2593 Equo
2137 2557 2170 2587 &
2185 2555 2330 2586 Herneiiis

1279 2603 1318 2623 uis

1303 2617 1406 2662 Libere
1419 2631 1452 2661 &
1469 2631 1570 2669 absque
1584 2630 1792 2669 impedimento
1807 2632 1903 2670 aliquo
1918 2631 2030 2662 transire
2043 2633 2217 2672 permittatis.

1285 2696 1288 2699 .
1299 2669 1388 2700 Teste
1399 2669 1482 2709 Rege
1493 2670 1567 2708 apud
1582 2669 1625 2701 W
1628 2669 1887 2708 estmonasterium,
1902 2670 2041 2702 vicesimo
2051 2670 2096 2701 die
2107 2669 2240 2709 Januarii.

1764 2748 1817 2776 Per
1831 2745 1974 2777 Concilium
1986 2750 2013 2776 in
2027 2745 2220 2777 parliamento.

1510 2870 1539 2896 ἓ*
1565 2874 1615 2904 De
1632 2868 1822 2903 Liberatione
1840 2872 1957 2916 Magni
1972 2869 2084 2914 Szgilli.
2345 2872 2362 2890 ⁸¹⁵
2383 2875 2451 2902 VII.

2344 2921 2407 2948 233.

1352 2954 1440 2986 EMo
1450 2965 1473 2985 R
1483 2965 1503 2985 A
1513 2963 1536 2984 Ν
1546 2961 1634 2984 DUM
1653 2953 1728 2994 quod
1742 2953 1880 2984 Ricardus
1901 2953 1927 2984 le
1947 2953 2040 2991 Scrop
2063 2953 2194 2984 Chivaler
2209 2976 2218 2992 ,
2244 2961 2325 2992 nuper
2345 2951 2421 2979 Arm·
2438 2949 2478 2979 D-

1361 2993 1540 3024 cancellarius
1562 2991 1674 3030 Angliae
1689 3016 1699 3031 ,
1724 2993 1766 3022 die
1786 2992 1899 3022 Sabbati
1912 3015 1922 3031 ,
1939 2996 2061 3031 proximo
2069 2991 2126 3032 post
2140 2992 2245 3032 Festum
2259 2997 2326 3022 Con-
2367 2989 2450 3026 1330-

1267 3043 1320 3062 ver
1331 3036 1395 3061 zonis
1414 3033 1508 3066 Santssi
1531 3031 1614 3060 Pauli
1627 3054 1637 3070 ,
1656 3035 1743 3061 Anno
1753 3031 1879 3070 praesenti
1890 3053 1899 3070 ,
1913 3035 1942 3060 in
1975 3031 2075 3060 uadum
2087 3035 2194 3060 Secreta
2210 3035 2324 3060 Carnem
2345 3032 2395 3054 Ad·
2416 3037 2441 3063 3·

1268 3070 1393 3101 Domini
1417 3071 1526 3108 Regis,
1547 3069 1623 3108 infra
1636 3069 1775 3099 Palatium
1791 3042 2079 3109 W’stmonastZriense‚
2097 3073 2231 3107 Magnum
2244 3069 2324 3106 Sigil-
2344 3070 2372 3092 R·
2397 3075 2422 3090 2·

1268 3109 1324 3140 lum
1342 3109 1419 3149 ipfius
1439 3111 1550 3138 Domini
1568 3111 1645 3146 Regis
1658 3132 1667 3145 ,
1689 3116 1739 3146 pro
1752 3111 1887 3145 Regimine
1904 3107 2018 3144 Angliae
2030 3132 2039 3146 ‚
2057 3111 2086 3136 in
2097 3109 2215 3148 quadam
2229 3106 2319 3136 Bursa*
2342 3103 2429 3138 Claus-
2451 3111 2477 3138 3-

1268 3147 1325 3178 albi
1345 3151 1419 3177 Corei
1438 3146 1562 3185 inclusum
1576 3169 1586 3184 ,
1611 3146 1701 3183 Sigillo
1721 3147 1797 3186 ipfius
1812 3146 1928 3177 Ricardi
1942 3146 2058 3184 Signata*
2073 3168 2082 3184 ,
2105 3146 2237 3176 liberavit
2254 3146 2323 3174 dib‘t'o
2347 3146 2375 3168 R·
2391 3151 2415 3168 2-
2435 3151 2472 3168 m·

1269 3187 1405 3218 Domino
1426 3185 1522 3224 Regi,
1548 3189 1577 3214 in
1599 3184 1721 3214 manibus
1735 3186 1794 3225 suis
1809 3188 1924 3223 propriis
1937 3208 1946 3223 ,
1972 3189 2001 3214 in
2011 3184 2157 3223 praefintia
2173 3207 2182 3221 ,
2202 3184 2325 3214 Simonis
2350 3189 2394 3206 ²²·
2414 3179 2440 3205 ‘l-

1270 3224 1484 3262 Archiepiscopi
1503 3223 1710 3254 Cantuarienfis
1726 3246 1736 3260 ,
1763 3223 1912 3253 Alexandri
1934 3223 2147 3262 Archiepiscopi
2169 3222 2299 3252 liborum
2316 3245 2326 3260 ,

1269 3265 1400 3295 Thomae
1414 3262 1547 3299 Episcopi
1564 3261 1684 3292 Exoniae
1695 3261 1871 3301 Thefhurarii
1884 3260 1959 3301 ipfius
1975 3264 2086 3291 Domini
2100 3264 2176 3297 Regis
2187 3284 2196 3297 ,
2218 3259 2329 3298 Johan-

1271 3304 1313 3332 nis
1334 3302 1420 3349 Regis
1440 3299 1570 3330 Castellae
1593 3301 1625 3330 &
1648 3300 1781 3339 Legionis
1796 3303 1878 3329 Ducis
1894 3299 2081 3338 Lancnslriae,
2100 3299 2247 3329 Edmundi
2261 3297 2325 3328 Co-

1271 3342 1346 3371 mitis
1362 3339 1567 3376 Cantebrigiae,
1585 3338 1716 3369 Thomae
1730 3339 1766 3369 de
1779 3338 1961 3369 Wodestoke
1976 3341 2084 3366 Comitis
2103 3336 2327 3374 Bukinghamiae,

1270 3378 1308 3414 &
1323 3378 1435 3408 aliorum
1450 3379 1616 3413 Magnarum
1629 3377 1725 3406 ibidem
1740 3385 1804 3406 tunc
1816 3376 2001 3415 existentium:

1308 3418 1433 3456 Idemque
1452 3415 1596 3445 Dominus
1618 3415 1685 3446 Rex
1704 3415 1825 3453 Sigillum
1843 3414 2019 3452 praedillum,
2037 3412 2116 3453 usque
2131 3414 2199 3443 diem
2215 3416 2324 3452 Lunae,

1271 3463 1370 3485 extunc
1379 3453 1500 3494 proximo
1510 3453 1681 3493 sequentem,
1696 3462 1774 3492 penes
1784 3454 1813 3492 se
1826 3453 1959 3482 detinuit:

1308 3497 1367 3531 Et,
1384 3495 1470 3523 eodem
1483 3492 1524 3521 die
1539 3494 1646 3530 Lunae,
1665 3496 1735 3522 circa
1750 3494 1855 3521 Horam
1868 3490 2030 3520 undecimam
2045 3512 2055 3528 ,
2079 3490 2164 3519 distas
2178 3489 2326 3521 Dominus

1271 3532 1336 3563 Rex
1351 3534 1433 3563 eidem
1447 3530 1668 3569 Archiepiscopo
1676 3529 1864 3561 Cantuarienli
1870 3530 1960 3596 §capto
1969 3529 2046 3566 priies
2061 3528 2097 3557 ab
2110 3539 2138 3558 eo
2153 3532 2325 3558 Sacramenta

1265 3570 1315 3610 fico
1336 3571 1368 3601 de
1390 3569 1481 3608 Officio
1502 3568 1664 3598 cancellarii
1680 3567 1744 3598 bem>
1765 3567 1869 3605 &fide
1881 3571 1934 3597 iter
1942 3567 2085 3606 faciendo)
2099 3570 2127 3596 in
2138 3568 2257 3607 quadam
2272 3571 2326 3597 Ca-

1271 3621 1362 3648 mera,
1381 3609 1457 3649 infra
1473 3609 1622 3636 Privatum
1639 3607 1780 3637 Palatium
1794 3605 1908 3644 ibidem,
1926 3604 2110 3644 inpraesentia
2128 3605 2306 3634 Praelatorum
2316 3629 2327 3644 ,

1272 3651 1356 3677 Ducis
1370 3672 1379 3686 ,
1404 3650 1534 3677 Comitum
1554 3644 1592 3680 ὠ*
1615 3645 1728 3675 aliorum
1749 3648 1917 3682 Magnatum
1938 3643 2051 3681 ibidem,
2065 3643 2216 3680 liberavit,
2231 3648 2328 3682 praeci-

1266 3690 1343 3724 piens
1356 3686 1438 3715 eidem
1453 3683 1652 3722 Archiepiftopo
1668 3682 1831 3713 Cancellario
1845 3681 1919 3722 quod
1925 3682 1969 3720 id,
1985 3683 2055 3722 quod
2066 3683 2106 3711 ad
2115 3681 2238 3721 Officium
2252 3686 2326 3712 Can-

1273 3725 1374 3754 cellarii
1384 3727 1518 3762 pertinet,
1537 3721 1640 3760 faceret
1655 3720 1693 3756 &
1709 3728 1859 3751 exerceret:

1313 3763 1368 3792 Qui
1387 3763 1490 3801 quidem
1516 3760 1749 3797 Archiepiscopus
1772 3758 1951 3789 Camellarius
1965 3781 1975 3797 ,
2008 3759 2050 3788 die
2071 3762 2177 3787 Martis
2190 3781 2199 3796 ,
2227 3765 2327 3789 extunc

1265 3790 1388 3840 prffimz)
1403 3802 1525 3840 sequenti
1538 3821 1547 3836 ,
1570 3801 1599 3827 in
1613 3798 1669 3837 ,loco
1691 3797 1866 3828 Cancellariae
1883 3820 1893 3835 ,
1910 3797 1987 3837 infra
2002 3800 2137 3834 Magnam
2154 3795 2262 3826 Aulam
2275 3800 2329 3827 Re-

1267 3844 1341 3877 giam
1356 3836 1667 3879 lsbzostmonasteriensim‚
1683 3836 1784 3866 dzllam
1799 3838 1917 3875 Bursam
1932 3838 2035 3874 aperuit
2051 3858 2060 3873 ,
2079 3834 2116 3869 ό·
2129 3835 2248 3872 Sigillum
2261 3835 2332 3864 illud

254 3888 339 3919 'T0us
357 3889 437 3919 ceulg
450 3912 460 3928 ³
482 3890 531 3928 qui
550 3889 637 3920 costes
651 3889 795 3919 Presentes
810 3899 925 3921 verrom
943 3891 976 3922 &
995 3899 1096 3921 (mont
1109 3913 1118 3928 Ι,
1140 3890 1241 3928 Jehan
1271 3881 1416 3921 extraxit,
1434 3874 1471 3911 ὠ
1490 3875 1600 3915 diversa
1624 3879 1726 3906 Cartas
1738 3897 1750 3913 ,
1767 3877 1881 3905 Literas
1895 3876 2041 3911 patentes,
2059 3872 2097 3908 ὠ
2110 3876 2217 3904 Brevia
2232 3874 2330 3905 ibidem

180 3964 199 3996 S
217 3964 223 3993 l
260 3929 320 3956 Duc
337 3927 368 3956 de
386 3930 532 3966 Bretaigne
545 3951 554 3967 ,
584 3927 681 3958 Conte
695 3928 732 3958 de
751 3927 900 3960 Montfort
917 3930 951 3960 &
977 3929 1013 3960 de
1038 3929 1218 3960 Richernont
1232 3955 1242 3969 ,
1269 3917 1335 3955 fem
1352 3916 1515 3955 co⁷ffig⁷¹a⁷'i·

201 3975 215 3994 a
227 3972 262 3994 ut.

219 4002 319 4032 Savoir
337 4001 438 4033 faisons
456 4013 512 4041 que
530 4016 621 4044 nom,

220 4039 375 4071 Confiantz
392 4051 409 4070 a
425 4041 500 4079 plain
516 4043 555 4074 du
574 4045 641 4076 bien
658 4043 745 4083 Sans,
769 4043 918 4084 Loiaulte‚
936 4043 970 4076 &
988 4043 1055 4076 Bon-
1071 4043 1242 4078 Portement

276 4083 350 4111 Tom.
368 4081 427 4109 ΙΙΙ.
445 4081 479 4110 P.
496 4082 555 4113 111.

7 3399 123 3428 ·*v11.

9 3447 90 3475 ⁴²3²·

0 3736 1 3797 l
247 3753 407 3799 Commzffio
424 3757 519 3789 Ducis
535 3757 693 3788 Britannia
710 3759 826 3802 Septem
844 3755 1025 3790 Oratoribus
1034 3758 1118 3802 suis,
1144 3756 1189 3790 ad

0 3809 1 3839 i
506 3803 715 3836 Traflandnm
733 3816 802 3837 cum
820 3809 906 3853 Rege.

0 3858 1 3867 ¹
29 3851 105 3882 Ann.
116 3853 156 3884 D.

48 3891 133 3929 1380.

26 3933 79 3957 An.
99 3939 124 3967 3.

28 3970 57 3994 R.
78 3978 104 3996 2.

29 4007 86 4032 Pen.
106 4009 159 4034 Ca-

33 4052 93 4072 mer.

1760 4077 1798 4108 M
1817 4086 1835 4106 2
2282 4079 2336 4106 Pro
