2561 4251
57 201 135 233 Ann.
152 198 196 232 D.

80 240 164 280 1398.

57 282 109 309 Ric.
129 289 158 307 2.

58 388 111 414 An.
130 394 176 413 22.

58 429 79 452 R
109 433 120 443 ‘v

57 466 195 490 ancaz.

58 506 88 528 R.
100 510 125 527 2.
134 511 170 529 m.

62 548 103 565 12.

56 990 166 1022 ⁸vm.

58 1669 136 1701 Ann.
151 1667 189 1699 D.

86 1710 168 1748 1398.

58 1752 113 1776 Αιι.
130 1758 163 1775 22

58 1792 87 1815 R.
110 1796 136 1815 2.

56 1826 121 1855 Ibitl·

79 3358 159 3390 Ann.
166 3356 207 3388 D.

102 3397 184 3437 1398.

82 3440 134 3463 An.
151 3445 195 3463 22.

83 3478 113 3501 R.
133 3484 158 3502 2.

82 3512 185 3541 Ibidem.

86 3559 122 3579 m.
139 3560 180 3580 11.

208 115 286 167 148

348 285 406 316 Pro
422 277 499 312 Amo
519 276 623 317 Duce,
641 273 734 320 sitper
752 273 908 305 comitiva
924 271 961 307 ὠ·
979 267 1138 311 Hernqfiis.

211 361 508 425 REX³.U.¹¹ive{s¹⁸
523 361 555 393 &
571 358 691 402 Singulis
705 356 881 394 Admirallis,
899 356 959 399 ἃς.
979 353 1116 384 Salutem.

304 405 403 435 Sciatis
425 400 505 439 quod
527 399 575 437 (de
598 398 696 428 Gratia
719 396 815 427 nostra
837 393 964 432 speciali,
983 394 1017 424 &
1039 400 1073 422 ex
1095 400 1177 421 mero
1193 393 1276 420 motu

211 443 323 480 nostro)
336 439 537 473 Conceffimus
553 439 586 470 ὃς
601 436 763 467 Licentiam
776 433 922 465 Dedimus
934 431 1040 462 Thomae
1061 433 1133 461 Duci
1153 426 1276 467 Norffol-

207 494 307 560 meui
320 518 413 550 versus
428 525 517 556 partes
539 515 670 552 Extei‘as,
689 513 718 543 in
739 511 908 548 Almannia,
926 509 1080 547 Bohemia,
1097 508 1131 537 ὃς
1154 506 1207 536 Hu
1247 515 1277 534 a—

208 562 266 597 ria,
285 567 461 594 moraturus,
478 565 511 586 ac
531 553 566 585 ad
586 551 823 583 transfretandum
847 548 930 580 Mare
942 556 1097 586 magnum,
1116 544 1219 588 Causa,
1248 554 1278 574 e-

211 597 406 637 regiinationis
420 620 429 633 ,
452 596 528 633 juxta
549 592 769 623 Ordinationem
783 612 793 629 ,
818 588 891 628 apud
913 587 1062 619 Coventre
1076 609 1087 623 ,
1112 584 1278 615 au&oritate

210 636 406 671 Parliamenti‚
425 643 514 671 nuper
528 631 650 669 fa&am,
669 629 827 661 transiturus
844 627 950 665 existit,
1258 661 1264 666 υ

249 675 344 715 Qod
358 674 412 711 ipse
427 681 470 703 tot
479 695 488 710 ,
507 671 543 702 de
556 671 650 708 Ligeis
664 668 783 706 nostris,
796 666 830 696 ad
843 663 1058 697 deserviendum
1074 661 1168 692 eidem
1183 660 1276 699 Duci,

206 725 281 753 quot
303 724 355 753 pro
375 711 498 742 Servitio
519 711 569 741 suo
589 709 693 739 fuerint
712 705 875 743 necessarii,
894 706 924 735 in
945 702 1096 734 Comitiva
1108 700 1170 740 sua,
1189 700 1277 738 usque

207 753 242 784 ad
255 753 422 784 Numerum
438 749 630 788 Qiadraginra
645 746 850 783 Personarum,
867 744 987 781 habere,

246 792 283 823 Et
306 791 394 830 ipsos,
413 799 445 820 ac
469 787 553 818 Mille
576 787 674 816 Libras
694 795 746 822 pro
763 783 897 821 Expensis
910 783 976 819 suis,
992 789 1108 810 necnon
1125 775 1198 808 Vasa
1213 776 1274 807 Au-

207 841 254 862 rea
277 830 310 862 &
335 828 492 868 Argentea,
517 837 549 857 ac
566 825 689 864 jocalia,
716 824 895 859 Armaturas,
920 818 1076 856 Hernesia,
1093 818 1127 848 ὃς
1148 815 1175 846 Α
1197 824 1274 853 para-

206 878 251 902 tus
270 868 315 899 sua
337 875 528 906 quaecumque
550 864 646 894 secum
662 885 672 902 ,
704 861 796 894 versus
818 869 908 899 partes
929 858 1077 897 praediftas
1090 879 1101 895 ,
1126 865 1168 886 tra
1190 863 1275 886 ucere

205 907 310 948 poffit,

245 946 283 977 Et
305 944 409 976 eisdem
430 942 525 981 Ligeis
545 940 647 971 nostris
666 938 746 978 quod
766 938 832 977 ipsi,
847 947 914 969 cum
932 935 1051 974 praefato
1071 932 1179 971 Duce,
1205 931 1276 976 ultra

208 984 294 1017 Mare
314 983 445 1021 transire,
463 983 496 1013 ὅ(
516 982 546 1011 in
569 979 718 1010 Comitiva
734 979 796 1016 sua,
814 979 843 1007 in
858 977 946 1007 Locis
961 973 1120 1012 praedietis,
1137 976 1150 989 ”
1169 978 1276 1002 morari

206 1023 330 1065 poffint,
347 1022 450 1060 absque
464 1019 666 1058 impetitione,
685 1017 845 1055 Dampno,
864 1015 910 1046 seu
925 1012 1114 1044 Forisfadura
1136 1019 1275 1049 quacum-

227 1074 277 1094 ue*

205 1073 224 1104 q
246 1087 282 1133 E}
297 1100 363 1130 ideo
378 1098 470 1129 Vobis
484 1095 657 1128 Mandamus
669 1094 750 1131 quod
762 1093 853 1132 ipsum
869 1092 1004 1129 Ducem,
1020 1099 1089 1121 cum
1105 1088 1200 1127 Ligeis
1221 1096 1276 1117 rio-
1296 1086 1299 1090 “

209 1141 271 1172 stris
293 1137 457 1177 praediffis,
492 1135 577 1174 usque
599 1133 634 1165 ad
657 1133 828 1165 Numerum
850 1131 1019 1170 praedic‘tum
1033 1154 1043 1167 ,
1071 1128 1162 1159 versus
1181 1126 1274 1171 I’artes

208 1178 372 1219 praedidias,
396 1177 454 1206 una
474 1185 543 1206 cum
566 1173 658 1213 Vafis,
677 1173 840 1210 jocalibus,
866 1170 1037 1205 Armaturis,
1062 1165 1222 1202 Hernesiis,
1239 1165 1273 1195 &

210 1216 400 1256 Apparatibus
415 1214 468 1244 suis
484 1213 641 1252 praediffis,
660 1213 746 1242 libere
761 1211 794 1241 δε
808 1209 911 1247 absque
930 1207 1142 1246 Impedirnenro
1160 1204 1275 1249 aliquo,

209 1255 322 1287 transire
342 1254 528 1292 permittatis3
547 1251 641 1288 aliquo
664 1250 807 1282 Mandato
828 1247 948 1286 nostro,
967 1247 1052 1278 vobis
1067 1245 1143 1284 prius
1159 1253 1188 1274 in
1203 1252 1276 1274 con·

208 1295 325 1326 riarium
340 1292 470 1330 diretfm,
489 1300 549 1322 non
564 1289 702 1321 obstante.

246 1332 280 1364 In
296 1333 391 1370 cujus,
408 1331 471 1361 &c.

283 1370 373 1402 Teste
386 1370 469 1409 Rege
483 1368 556 1407 apud
573 1365 852 1407 Wstmonasterium,
869 1363 974 1394 Tertio
991 1362 1050 1393 Die
1063 1359 1211 1393 anbris.

848 1443 902 1471 Per
917 1438 997 1481 ipfimt
1012 1441 1116 1477 Regem.

382 1576 432 1607 De
451 1570 594 1620 Requestu
611 1573 720 1617 Regio,
745 1580 784 1601 ex
797 1576 885 1613 parte
903 1564 976 1597 diiii
993 1563 1099 1597 Ducis.

215 1659 349 1717 REX,
376 1657 525 1704 Uniyerfis
544 1657 578 1688 &
600 1654 720 1701 Singulis
743 1651 887 1703 Regibus,
909 1647 1276 1692 Principibus,tDucib'us,

291 1698 525 1733 Marchionibus,
551 1695 731 1727 ComitibuS,
758 1690 936 1726 hobilibuS,
962 1698 995 1718 ac
1020 1687 1158 1726 Populis,
1184 1697 1277 1725 cnjus-

213 1746 339 1776 cumque
359 1736 471 1773 Status,
499 1732 632 1772 Gradus,
655 1734 688 1764 δε
712 1729 885 1767 Dignitatis,
904 1727 1092 1766 Alimaniiiae,
1111 1726 1277 1765 Bohemiae,

169 1769 175 1776 ’
212 1775 246 1806 &
260 1775 435 1815 Hungariae‚
453 1775 578 1806 Salutem
593 1773 622 1801 in
634 1770 768 1801 omnium
780 1767 932 1798 Salvatore.

249 1814 472 1845 Univeriitatem
486 1811 608 1845 vestram
622 1807 815 1848 multipliciter
829 1805 1029 1837 honorabilem
1038 1829 1048 1842 ,
1066 1804 1100 1835 &
1119 1804 1279 1844 quemlibet

213 1852 341 1884 vesti-sim
366 1863 414 1890 per
438 1852 492 1890 Se,
515 1849 646 1882 attentius
666 1849 700 1880 &
721 1844 865 1877 efficacius
885 1855 946 1883 quo
964 1843 1132 1882 possumus,
1158 1844 1279 1874 Tenore

213 1891 399 1922 Praeseritium
416 1914 426 1930 ,
452 1891 619 1929 requirimus
639 1888 673 1919 &
695 1894 828 1924 rogamus
846 1885 976 1923 quatinus
990 1907 1000 1922 ‚
1026 1882 1279 1922 Consanguineum

213 1930 362 1970 nostrum,
379 1930 508 1960 Thomam
522 1933 625 1959 Ducem
639 1923 795 1964 Norffiilciae
804 1947 813 1962 ‚

253 1970 334 2008 Qii,
353 1969 444 2000 versus
468 1970 582 2008 Regna,
603 1965 759 2002 Dominia,
778 1964 811 1995 &
832 1960 989 1993 Potestates
1007 1960 1115 2000 vestra,
1131 1961 1200 1991 inibi
1215 1970 1279 1991 rno-

212 2016 333 2047 ratui·us,
351 2008 442 2045 dirigit
458 2006 579 2038 Gressus
591 2006 654 2037 suos
670 2005 698 2034 in
713 2002 857 2041 praesenti,

251 2046 332 2078 Cum
353 2047 442 2085 ipsum
462 2048 491 2077 in
512 2043 672 2084 hujusmodi
694 2042 816 2081 Regna,
836 2040 994 2080 Dominia‚
1013 2037 1210 2078 &potestates
1231 2048 1281 2069 ve-

213 2086 285 2121 stra,
301 2087 346 2117 seu
361 2087 476 2124 alicujus
489 2083 634 2122 vestri‘im,
654 2081 790 2114 accedere
805 2081 959 2118 contigerit
970 2103 980 2118 ,

254 2125 374 2155 Nostrae
386 2124 538 2164 Majestatis
553 2124 673 2161 intuitu,
689 2122 721 2153 ὅ(
735 2122 836 2152 harum
850 2128 968 2158 precum
988 2117 1148 2148 nostrarum
1169 2116 1280 2158 speciali

210 2165 372 2196 interventu
382 2187 391 2202 ,
428 2163 572 2202 ropensius
587 2160 856 2193 recommendatum
872 2158 1023 2194 habentes,

251 2202 384 2234 Eundem
439 2212 541 2239 ucem,
563 2211 632 2232 cum
654 2199 865 2235 Familiaribus‚
880 2196 985 2235 Equis,
1004 2196 1104 2234 Bonis,
1124 2193 1283 2234 Hernesiis,

213 2240 248 2273 ὃ(
264 2242 362 2272 Rebus
379 2242 429 2272 suis
443 2240 688 2280 quibuscumque,
708 2238 863 2276 recipiatis,
881 2237 913 2267 ὃ(
930 2236 997 2266 inibi
1020 2234 1148 2273 Morari,
1168 2234 1212 2264 seu
1235 2245 1283 2272 per

215 2280 315 2310 eadem
331 2280 445 2320 Regna,
465 2280 623 2318 Dominia,
641 2280 673 2309 δε
691 2277 865 2314 Poiestates,
884 2284 953 2305 cum
970 2274 1020 2304 sibi
1042 2274 1196 2312 placuerit,
1214 2273 1283 2303 libe-

216 2320 248 2348 re
270 2319 400 2357 transire,
424 2320 527 2358 absque
552 2318 764 2357 Inipedimento
783 2315 829 2346 seu
852 2314 1064 2353 perturbatione
1085 2321 1284 2351 quacumque,

217 2357 352 2388 benivole
366 2359 547 2396 permittatis,

253 2396 329 2426 Non
350 2396 500 2427 inferentes
519 2397 574 2435 eis,
592 2405 647 2426 nec
669 2392 892 2433 quomodolibet
914 2391 1011 2422 inferri
1026 2391 1235 2427 permittentes,
1254 2391 1282 2420 in

215 2434 395 2472 Corporibus
413 2437 457 2466 seu
478 2435 564 2466 Bonis
585 2433 756 2465 eorumdem
773 2455 782 2470 ,
810 2431 998 2468 Dampnum,
1023 2429 1284 2472 Impedimentum,

216 2473 407 2512 Violentiam,
426 2473 577 2511 Iniuriam,
599 2471 765 2503 Molestiam
778 2471 823 2501 seu
835 2470 1016 2507 Gravamen,
1037 2469 1117 2507 Qiin
1136 2469 1245 2506 potius,
1264 2471 1284 2498 ii

218 2522 337 2551 egeant,
360 2515 397 2542 eis
417 2515 444 2543 in
469 2522 567 2543 eorum
589 2512 721 2550 agendis,
750 2509 912 2539 Ministrare
929 2501 1086 2546 dignemini
1106 2506 1285 2544 Consilium,

221 2551 367 2581 Auxilium
383 2574 393 2588 ,
416 2553 448 2585 ὅ(
468 2551 610 2582 Favoreni
626 2577 635 2589 ,
658 2559 691 2580 ac
714 2550 846 2581 Scortum
862 2571 872 2586 ,
897 2546 1072 2583 Salvumque
1092 2545 1125 2576 &
1144 2545 1284 2576 Securum

219 2589 428 2627 Conductum,
446 2600 494 2628 per
511 2588 606 2620 Passus
641 2589 737 2625 Loca,
756 2589 789 2618 &
806 2586 947 2616 Dominia
961 2584 1069 2623 vestra,
1089 2585 1122 2616 ὅ(
1139 2584 1285 2623 cujussibet

219 2627 366 2666 vestrum,
386 2628 594 2658 rationabilibus
608 2613 773 2665 Sumptibus
789 2626 820 2656 ὃ(
836 2624 989 2664 Expensis,

257 2666 309 2704 Et,
329 2667 347 2696 si
362 2667 429 2704 quid
445 2668 499 2703 eis,
518 2667 547 2696 in
563 2665 693 2696 Personis
706 2665 751 2695 vel
765 2665 881 2702 Rebus,
901 2663 1066 2701 Iniuriatum
1088 2662 1171 2692 fuerit
1194 2661 1287 2699 (quiid

219 2706 372 2743 nollemus)
394 2706 423 2736 id
446 2705 560 2736 indilate
581 2704 734 2735 reformare
752 2704 854 2733 curetis
869 2725 879 2740 ,
905 2701 1007 2731 nostris
1030 2700 1164 2732 Precibus
1188 2702 1221 2731 &
1246 2701 1286 2732 A-

219 2754 316 2775 more:

258 2783 327 2813 Nos
346 2783 484 2822 fiquidem
508 2782 632 2813 Subditis
651 2780 749 2812 vestris
769 2779 802 2810 &
823 2776 969 2816 cujussibet
991 2777 1136 2816 vestrum,
1161 2777 1232 2808 cum
1252 2777 1286 2808 ad

224 2822 327 2861 Regna
349 2822 394 2852 seu
417 2821 555 2852 Dominia
571 2820 666 2851 nostra
688 2820 795 2857 aliquos
815 2827 848 2848 ex
870 2816 932 2854 ipsis
950 2816 1091 2847 declinare
1112 2817 1262 2854 contigerit
1278 2839 1288 2854 ,

223 2860 366 2892 Favorem
381 2860 574 2899 consimilem,
591 2861 624 2891 &
641 2859 798 2898 majorem,
816 2856 836 2887 si
850 2855 1039 2893 indiguerint,
1058 2854 1102 2885 vel
1118 2864 1219 2884 eorum
1239 2855 1289 2885 ali-

223 2901 285 2937 quis
301 2900 468 2938 indiguerit,
485 2908 566 2939 grato
578 2900 676 2930 animo
692 2895 857 2935 impendere
871 2896 1082 2932 promittimus,
1098 2893 1131 2924 &
1154 2892 1191 2923 de
1211 2893 1289 2924 fasto

222 2939 358 2970 veraciter
373 2938 580 2976 impendemus.

264 2976 298 3007 In
311 2977 388 3013 cujus
401 2979 441 3007 rei
454 2976 686 3013 Testimonium,
705 2974 753 3005 has
768 2973 873 3005 Literas
887 2971 995 3003 nostras
1010 2971 1141 3003 Patent&
1159 2969 1238 3010 fieri,
1255 2972 1290 3003 &

226 3014 330 3053 Magni
346 3015 436 3051 Sigilli
452 3015 540 3046 nostri
557 3015 716 3047 munimine
731 3014 851 3044 fecimus
861 3011 1028 3048 consignari.

262 3053 333 3086 Dat.
352 3055 382 3084 in
395 3053 506 3086 Palatio
521 3054 608 3096 nostro
624 3052 732 3094 Westm.
749 3051 852 3082 Tertio
864 3050 924 3082 Die
937 3050 1083 3081 Oetobris.

915 3129 969 3158 Per
984 3125 1067 3168 ipfhaen
1080 3128 1185 3165 Regem.

367 3258 426 3291 Pro
447 3257 579 3290 Henrico
598 3253 634 3288 de
649 3251 831 3297 Lancastre,
859 3254 944 3286 Duce
962 3248 1155 3296 Herefordiae.

228 3340 362 3400 REX,
378 3341 537 3380 Capitaneo
554 3341 638 3372 Villae
652 3341 707 3372 suae
724 3339 842 3377 Calesii,
859 3338 905 3368 vel
919 3337 976 3374 ejus
991 3336 1107 3367 Locum
1122 3335 1230 3367 tenenti
1240 3333 1295 3364 ibi-

302 3381 388 3420 dem,
409 3391 441 3412 ac
463 3380 649 3411 Thesaurario
673 3379 757 3409 Villae
778 3378 832 3408 suae
853 3376 1012 3415 praedffkae,
1030 3385 1063 3406 ac
1085 3374 1220 3406 omnibus
1240 3373 1297 3403 aliis

232 3418 386 3450 officiariis
400 3421 433 3452 ὃ(
451 3419 588 3450 Ministris
602 3419 652 3448 suis
667 3418 790 3455 ibidem,
810 3416 942 3446 Salutem.

272 3458 370 3489 Sciatis
393 3457 473 3496 quod
494 3458 542 3494 (de
563 3457 662 3488 Gratia
681 3456 775 3486 nostra
797 3454 918 3494 speciali)
931 3452 1149 3490 Conceffimus,
1164 3449 1298 3481 Consan-

257 3499 341 3527 uineo
355 3497 454 3527 nostro
464 3520 473 3535 ,
490 3499 607 3526 Heni-ico
621 3497 653 3525 de
667 3494 834 3534 Lancastre,
853 3492 933 3523 Duci
947 3491 1146 3527 Herefordiae,
1162 3488 1242 3528 quod
1256 3490 1299 3525 ip-

248 3546 264 3566 e
283 3535 390 3566 diehm
412 3535 516 3566 Villam
540 3534 656 3571 Calesii,
675 3543 743 3565 curn
766 3531 934 3564 Duodecim
953 3530 1099 3568 Personis,
1118 3527 1241 3568 ingredi,
1265 3528 1298 3557 &

236 3574 343 3605 ibidem
359 3584 407 3612 per
422 3584 510 3604 unum
527 3572 659 3604 Mensem
675 3573 779 3604 morari
793 3570 894 3610 poffit,
909 3568 943 3600 ad
959 3569 1071 3608 Ipsum,
1090 3577 1158 3599 cum
1172 3566 1300 3598 Personis

235 3613 376 3650 praedietis
384 3635 394 3651 ,
414 3613 482 3642 inibi
497 3612 703 3649 recreandum,

275 3651 312 3682 Et
331 3652 399 3682 ideo
420 3651 502 3681 vobis
523 3651 689 3681 mandamus
710 3649 792 3688 quod
816 3647 905 3686 ipsum
926 3645 1045 3676 Ducem
1066 3645 1171 3677 Villam
1198 3642 1301 3681 praedi-

238 3689 332 3726 eiam,
352 3699 420 3720 cum
437 3689 564 3720 Personis
573 3689 731 3727 pnediffis,
745 3687 854 3728 ingredi
865 3686 1044 3725 permittatis,
1060 3685 1138 3724 juxta
1150 3683 1301 3714 Tenorem

238 3726 384 3758 Praesentis
397 3727 599 3759 Conceffionis
615 3727 729 3757 nostrae.

315 3765 346 3794 ln
361 3768 456 3804 cujus,
474 3767 535 3798 δίς.

241 3802 365 3872 O'gt'ege
384 3805 467 3845 Rege
487 3805 561 3844 apud
583 3802 707 3844 Castrum
728 3803 846 3844 nostrum
870 3802 902 3832 de
928 3799 1105 3841 Wndefiire,
1129 3798 1234 3831 Tertio

304 3851 323 3871 o
344 3853 390 3873 ris.

1254 3797 1303 3830 die

906 3879 960 3907 Per
972 3876 1054 3918 ipficm
1067 3879 1172 3916 Regem.

667 89 1484 146 CONVENTIONES,
1538 87 1932 140 LITERAE,

2395 178 2473 212 Ann.
2486 182 2530 216 D.

2395 222 2510 290 &¹:338

2399 295 2512 329 *an

1317 348 1456 405 REX,
1475 349 1635 388 Capitaneo
1657 348 1753 380 Castri
1774 348 1813 380 sui
1832 348 1869 379 de
1891 348 2047 389 Sandgate,
2063 349 2111 381 vel
2132 350 2190 389 ejus
2204 350 2322 383 Locum
2342 359 2383 383 te·
2399 343 2447 370 49·

1395 390 1476 420 nenti
1489 390 1613 428 ibidem,
1631 388 1764 419 Salutem.
2398 377 2452 401 An.
2466 384 2511 405 ²²·

1352 423 1451 469 Sciatis
1473 427 1554 465 quod
1579 428 1626 463 (de
1648 426 1749 458 Gratia
1764 425 1861 457 nostri
1873 426 1994 464 speciali)
2014 425 2233 468 Conceffitnus,
2250 429 2382 460 Consan-
2394 416 2424 440 R.
2441 423 2468 441 ²·

1315 472 1422 502 guineo
1431 466 1548 504 nostro,
1568 469 1685 496 Henrico
1697 466 1729 495 de
1743 465 1894 505 Lancastre
1903 489 1912 504 ,
1927 466 2006 496 Duci
2020 465 2218 505 Herefordiae,
2228 468 2310 506 quod
2324 468 2380 509 ipse

1316 502 1451 549 Castrum
1465 505 1653 549 praedietuni,
1671 515 1740 536 cum
1755 503 1888 543 Familia,
1906 504 2012 543 Equis,
2032 505 2065 535 &
2087 504 2231 535 Hernesiis
2252 507 2320 545 suis,
2337 509 2381 538 in-
2415 512 2421 517 '
2451 501 2504 520 '⁷¹³‘

1315 544 1411 582 gredi,
1424 545 1457 575 Sc
1470 543 1578 574 ibidem
1594 554 1644 582 per
1658 543 1712 574 Sex
1725 543 1899 581 Septimanas
1915 545 2020 574 morari
2033 542 2135 582 poffit,
2149 544 2184 575 ad
2199 544 2382 584 ipsum,cum
2399 536 2442 566 ¹3·

1317 581 1439 613 Familia
1451 582 1498 613 flia
1514 581 1663 620 praedidia,
1682 582 1752 612 inibi
1766 582 1968 613 recreandum:

1355 621 1395 652 Et
1415 622 1482 652 ideo
1505 622 1589 651 vobis
1612 620 1785 651 Mandamus
1802 620 1883 658 quod
1897 621 1987 659 ipsum
2003 621 2120 653 Ducem
2134 621 2268 652 Castrum
2283 623 2385 661 praedi-

1317 660 1421 704 etum,
1436 669 1505 704 cum
1521 659 1656 698 Familia,
1673 658 1780 698 Equis,
1797 660 1831 690 ὃς
1852 658 1995 690 Herneliis
2015 660 2172 698 praediffls,
2187 660 2296 700 ingredi
2319 671 2385 700 per—

1319 708 1453 768 milttatis,
1465 697 1706 768 JuthcTenorem
1725 697 1872 729 Praesentis
1884 697 2085 729 Conceffionis
2099 698 2211 730 nostrae.

1370 748 1388 767 n
1404 748 1441 767 cu
1573 760 1580 766 .

1393 747 1483 807 Tejstug
1491 747 1583 814 ’Regce
1594 775 1670 815 apud
1685 774 1808 816 Castrum
1821 776 1854 806 de
1869 774 2044 816 Wyndeflire,
2060 776 2143 807 tertio
2157 775 2202 807 die
2215 775 2367 808 Octobris.

1669 261 1697 288 ἢ*
1723 265 1782 297 Pro
1797 266 1884 297 Duce
1898 263 2031 310 praefato.

1980 855 2035 883 Per
2050 852 2132 893 ipfitm
2147 855 2251 891 Regem.

1566 984 1626 1016 Pro
1645 979 1746 1013 eodem
1767 981 1873 1023 Duce,
1899 978 1936 1012 de
1955 980 2132 1012 Attornato.

1394 1068 1512 1097 Enricus
1526 1067 1558 1098 de
1573 1066 1741 1136 Lancgssre,
1760 1065 1831 1097 Dux
1845 1064 2041 1102 Herefordiae,
2400 1067 2476 1099 Ann,
2491 1068 2533 1102 D,

1385 1145 1390 1150 .
1439 1105 1501 1150 Qii
1516 1130 1526 1145 ,
1547 1107 1625 1144 juxta
1683 1106 1871 1136 rdinationem
1886 1128 1896 1143 ,
1921 1103 1994 1142 apud
2017 1103 2189 1142 Coventre‚
2219 1103 2385 1137 auctoritate
2422 1108 2508 1147 1398.
2530 1107 2533 1111 ’

1319 1143 1516 1213 Ρᾶτὶιητῃεῃῑι,
1535 1155 1624 1184 nuper
1640 1145 1742 1176 saetam
1752 1167 1762 1184 ,
1779 1143 1870 1175 versus
1882 1153 1972 1181 partes
1984 1142 2196 1173 Transmarinas
2209 1144 2385 1181 profeteturus
2399 1149 2453 1175 An.
2471 1158 2516 1177 22.

1318 1193 1333 1213 e
1365 1206 1375 1220 ,
2401 1189 2429 1213 R.
2448 1195 2475 1214 2.

1356 1221 1454 1253 Habet
1477 1221 1584 1254 Literas
1604 1221 1692 1262 Regis
1712 1221 1748 1253 de
1770 1221 1904 1253 Generali
1925 1220 2080 1252 Attornatu
2094 1243 2104 1259 ,
2138 1219 2188 1250 sub
2207 1219 2387 1254 Nominibus
2403 1224 2507 1256 Ibidem.

1320 1263 1363 1291 W
1363 1260 1464 1290 illielmi
1477 1260 1638 1301 Armeston,
1657 1263 1689 1292 &
1703 1261 1844 1300 Johannis
1857 1259 2052 1298 Leventhorp,
2067 1259 2117 1290 sub
2134 1259 2334 1300 alternatione,
2352 1261 2386 1292 ad
2402 1272 2437 1291 m.
2457 1272 2487 1298 9.

1318 1300 1504 1367 lucranjdum,
1523 1301 1583 1331 &c.
1602 1302 1630 1330 in
1646 1300 1873 1338 quibuscumque
1887 1298 1982 1331 Curiis
1996 1298 2123 1337 Angliae‚
2141 1308 2190 1336 per
2213 1307 2305 1330 unum
2326 1299 2389 1332 An-

1319 1349 1390 1370 num
1426 1347 1554 1369 uraturas.

1355 1376 1446 1408 Teste
1461 1377 1544 1417 Rege
1557 1377 1631 1416 apud
1649 1376 1926 1419 Wstmonasterium,
1944 1376 2052 1407 oetavo
2063 1368 2109 1406 die
2123 1374 2273 1407 Otitobris.

1354 1453 1499 1494 Johannes
1513 1454 1546 1484 de
1561 1455 1711 1495 Wakeryng
1727 1454 1857 1486 Clericus
1869 1455 1976 1493 recepit
1991 1453 2255 1485 Attornamentum.

1357 1531 1438 1563 Idem
1456 1531 1544 1570 Dux,
1563 1533 1612 1563 sub
1626 1532 1790 1563 nominibus
1804 1531 1947 1571 Johamn's
1968 1534 2104 1569 Montagu
2127 1529 2251 1562 Comitis
2271 1529 2388 1568 Sarum}

1369 1570 1510 1609 Jahannis
1525 1569 1627 1601 Levell
1639 1571 1784 1602 Chivaler.

1357 1609 1448 1641 Teste
1461 1610 1590 1648 utsupra.

1320 1572 1354 1604 &

1358 1687 1439 1718 Idem
1456 1685 1604 1726 Johannes
1619 1687 1770 1726 Wakeryng
1785 1685 1892 1724 recepit
1906 1684 2109 1716 Attornament
2130 1691 2171 1715 m.

1358 1764 1439 1795 Idem
1464 1763 1550 1804 Dux,
1569 1764 1619 1795 sub
1642 1764 1807 1795 nominibus
1828 1764 1951 1801 Hugonis
1971 1762 2003 1792 de
2026 1762 2170 1791 Waterton
2184 1756 2336 1800 Chivaler,
2352 1760 2387 1795 δε

1323 1803 1455 1835 ΝέώοΙαὶ
1470 1801 1641 1841 Braafhagh.

1360 1842 1451 1874 Teste
1467 1852 1496 1874 ut
1509 1843 1596 1883 supra.

1362 1919 1445 1952 Idem
1459 1921 1606 1960 Johannes
1621 1919 1773 1961 IVakeryng
1787 1919 1894 1958 recepit
1909 1917 2175 1949 Attornamentum;

1362 1997 1444 2030 Idem
1460 1998 1549 2036 Dux,
1566 1997 1616 2029 sub
1629 1997 1794 2028 nominibus
1807 1998 1919 2026 Henrici
1933 1995 1966 2025 de
1981 1996 2061 2034 Percy
2076 1993 2202 2025 Comitis
2222 1989 2392 2025 Northums

1324 2038 1410 2077 briae,
1430 2039 1462 2069 &
1480 2037 1587 2068 Thonrae
1603 2037 1636 2067 de
1652 2039 1735 2078 Percy
1748 2035 1875 2067 Comitis
1889 2035 1925 2067 de
1936 2031 2111 2074 VVygornifi.

1363 2076 1454 2108 Teste
1469 2087 1499 2108 ut
1514 2076 1602 2115 supra.

1363 2153 1444 2185 Idem
1457 2153 1602 2195 Johanm's
1616 2154 1767 2195 Wkeryng
1782 2153 1889 2191 recepit
1902 2151 2166 2182 Attornamentum.

1364 2231 1445 2262 Idem
1468 2232 1554 2270 Dux,
1574 2232 1624 2263 sub
1646 2232 1811 2262 nominibus
1831 2227 1936 2261 Thomae
1958 2228 1990 2258 de
2009 2226 2122 2270 Stanley
2143 2225 2269 2263 Clerici,
2287 2224 2322 2257 δε
2340 2221 2398 2264 ,7οέ

1327 2270 1427 2300 hannis
1441 2273 1593 2311 lb'akeryng
1608 2269 1723 2301 Clerici.

1364 2309 1456 2341 Teste
1471 2320 1500 2342 ut
1513 2310 1601 2349 supra.

1365 2387 1446 2418 Idem
1459 2387 1606 2427 Johannes
1623 2387 1774 2428 W‘akeryng
1788 2385 1894 2423 recepit
1910 2383 2172 2415 Attornamentum.

1325 2464 1447 2534 TrId-eri}
1470 2465 1540 2496 Dux
1555 2488 1565 2503 ‚
1599 2464 1649 2496 sub
1668 2463 1835 2495 nominibus
1859 2459 2001 2492 willielmi
2022 2458 2166 2499 GaJcoigne
2181 2478 2192 2495 ,
2222 2455 2258 2488 &
2286 2453 2398 2486 Roberti

1349 2516 1457 2574 ''I'Leste
1472 2551 1503 2574 ut
1517 2543 1604 2581 supra.

1369 2619 1451 2652 Idem
1465 2619 1612 2660 Johannes
1627 2618 1776 2658 Wakeryng
1786 2617 1893 2655 recepit
1904 2614 2169 2646 Attornamentum.

1368 2697 1450 2728 Idem
1466 2696 1553 2735 Dux,
1571 2695 1621 2726 sub
1633 2695 1798 2726 nominibus
1808 2693 1922 2728 Ricardi
1937 2689 2133 2731 Archiepifiopi
2148 2687 2286 2726 Eborm,
2303 2686 2337 2719 ὃ(
2350 2687 2399 2718 Ri-

1331 2737 1407 2766 cardi
1419 2735 1539 2775 Epiftopi
1555 2738 1660 2765 Sarum.

1368 2774 1460 2806 Teste
1472 2783 1502 2805 ut
1516 2774 1603 2813 supra.

1369 2851 1451 2883 Idem
1464 2850 1609 2890 Johannes
1625 2850 1777 2888 Wakeryng
1790 2847 1897 2888 recepit
1911 2845 2178 2877 Attornamentum.

1369 2928 1451 2959 Idem
1468 2927 1554 2966 Dux,
1573 2927 1624 2958 sub
1638 2926 1802 2958 nominibus
1817 2926 1929 2955 Simonis
1947 2920 2040 2952 Bache
2056 2919 2181 2959 Clerici,
2199 2918 2233 2951 &
2253 2915 2400 2950 Wimelm·

1333 2970 1505 3037 Bu‘I'ggsyiz‘ut
1519 3005 1605 3043 supra.

1369 3081 1452 3114 Idem
1466 3081 1614 3121 Johannes
1629 3081 1781 3121 Wakeryng
1796 3078 1905 3116 recepit
1921 3075 2184 3107 Attornamentum.

1374 3160 1393 3179 ²¹²
1413 3159 1495 3190 Idem
1517 3158 1602 3196 Dux,
1619 3156 1669 3187 sub
1688 3155 1853 3187 nominibus
1870 3153 2031 3184 fldemanni
2050 3149 2170 3191 Epifitopi
2183 3150 2348 3190 Wygorm'ae,
2364 3147 2400 3180 &
2419 3154 2436 3173 ¹*
2447 3155 2530 3184 vlu.

1334 3200 1413 3228 Petri
1427 3198 1460 3226 de
1472 3197 1583 3226 Bukton
1596 3193 1741 3228 Chivaler.
2420 3202 2466 3230 50.

1372 3235 1462 3267 Teste
1478 3244 1510 3267 ut
1526 3235 1614 3273 supra.
2463 3227 2467 3230 ⁴

1378 3310 1460 3343 Idem
1475 3311 1622 3351 Johannes
1637 3310 1789 3351 Wakeryng
1804 3308 1911 3347 recepit
1925 3306 2190 3339 Attornamentum.·

1376 3388 1458 3420 Idem
1480 3388 1569 3427 Dux,
1593 3389 1643 3420 sub
1660 3388 1826 3420 nominibus
1848 3385 1991 3416 Edwards
2011 3385 2096 3414 Ducis
2116 3380 2193 3412 Albe
2214 3377 2330 3410 Marliae
2343 3401 2354 3418 ‚
2368 3378 2402 3410 δε

1342 3431 1382 3459 W
1382 3428 1485 3458 illielmi
1499 3427 1521 3457 le
1536 3431 1613 3466 scrop
1628 3428 1754 3460 Comitis
1768 3424 1916 3457 Wiltesiae.

1375 3467 1467 3499 Teste
1478 3475 1510 3498 ut
1522 3466 1610 3505 supra.

1378 3545 1459 3576 Idem
1474 3543 1622 3584 Johannes
1637 3543 1788 3582 Wakeryng
1801 3539 1909 3579 recepit
1923 3538 2187 3569 Attornamentum.*

1341 3613 2401 3642 Μ

1580 3685 1788 3731 Ιηβνιιῖἱίοηες
1797 3685 1890 3732 fhper
1907 3685 2035 3730 Negotia
2051 3683 2162 3715 Scoiiae.

1344 3780 1479 3812 C'esa·
1515 3775 1966 3809 L’npommmem-
1995 3767 2046 3802 des
2073 3764 2245 3812 Respounfts
2276 3758 2320 3794 du
2344 3760 2404 3808 Roy

1387 3825 1603 3872 d’Engleterra
1617 3851 1627 3867 ,
1655 3823 1704 3857 des
1721 3819 1872 3868 Requestes
1887 3831 1908 3853 a
1924 3820 1969 3853 lui
1982 3818 2080 3864 faites
2092 3812 2206 3861 parles
2232 3805 2406 3852 Ambaffia-
2424 3840 2492 3873 Am
2510 3839 2543 3870 D

1390 3885 1473 3908 tour-t
1489 3872 1640 3918 d'Esboce.
2442 3863 2529 3919 139⁶&
2544 3861 2552 3869 '

2423 3923 2477 3948 An.
2495 3927 2539 3946 22.

1347 3959 1491 4022 PR1M
1501 3967 1519 3989 iz
1531 3966 1582 3989 RE
1591 3964 1646 3988 Miz
1656 3964 1679 3988 u
1688 3964 1730 3996 τ,
1754 3956 1773 3986 il
1797 3955 1926 3992 Accepre
1941 3952 1968 3983 la
1990 3947 2187 3987 Prorogacion
2208 3945 2258 3991 des
2273 3943 2410 3981 Trieuoe,
2425 3963 2455 3986 R·
2472 3966 2500 3984 2,
2538 3995 2540 3997 .

1416 4008 1468 4035 pur
1486 4007 1526 4028 un
1548 3996 1614 4035 An,
1631 3995 1721 4027 selont
1733 3994 1760 4025 le
1773 3993 1893 4024 Teneur
1907 3990 1956 4020 des
1968 3987 2162 4023 Endenturoe,
2179 3985 2275 4022 faites,
2293 3993 2309 4013 a
2329 3981 2410 4013 Hau-
2427 4000 2467 4024 Ex
2479 3997 2540 4029 Au,

1349 4034 1504 4074 denstank,
1523 4042 1651 4074 parentre
1660 4032 1698 4066 les
1709 4036 1784 4065 Dim
1796 4032 1829 4063 de
1843 4026 1993 4068 Lancastre
2009 4024 2048 4063 &⁴
2059 4026 2093 4057 de
2107 4023 2256 4063 Rothelara
2272 4021 2307 4055 ὅ(
2320 4020 2364 4052 sur
2377 4028 2413 4087 ciel
2426 4042 2492 4072 mgr.
2523 4074 2526 4081 .
