<?xml version="1.0" encoding="UTF-8"?>
<!DOCTYPE html PUBLIC "-//W3C//DTD XHTML 1.0 Transitional//EN"
    "http://www.w3.org/TR/xhtml1/DTD/xhtml1-transitional.dtd">
<html xmlns="http://www.w3.org/1999/xhtml" xml:lang="en" lang="en">
 <head>
  <title>
</title>
<meta http-equiv="Content-Type" content="text/html;charset=utf-8" />
  <meta name='ocr-system' content='tesseract 3.04.00' />
  <meta name='ocr-capabilities' content='ocr_page ocr_carea ocr_par ocr_line ocrx_word'/>
</head>
<body>
  <div class='ocr_page' id='page_1' title='image "./fderaconventione03ryme_0383.png"; bbox 0 0 2561 4251; ppageno 0'>
   <div class='ocr_carea' id='block_1_1' title="bbox 765 151 1784 196">
    <p class='ocr_par' dir='ltr' id='par_1_1' title="bbox 765 151 1784 196">
     <span class='ocr_line' id='line_1_1' title="bbox 765 151 1784 196; baseline 0.006 -5"><span class='ocrx_word' id='word_1_1' title='bbox 765 151 877 191; x_wconf 88' lang='lat' dir='ltr'>ET</span> <span class='ocrx_word' id='word_1_2' title='bbox 961 152 1226 194; x_wconf 89' lang='lat' dir='ltr'><strong>ACTA</strong></span> <span class='ocrx_word' id='word_1_3' title='bbox 1291 151 1784 196; x_wconf 89' lang='lat' dir='ltr'>PUBLICA.</span> 
     </span>
    </p>
   </div>
   <div class='ocr_carea' id='block_1_2' title="bbox 24 235 1233 277">
    <p class='ocr_par' dir='ltr' id='par_1_2' title="bbox 24 235 1233 277">
     <span class='ocr_line' id='line_1_2' title="bbox 24 235 1233 277; baseline -0.001 -8"><span class='ocrx_word' id='word_1_4' title='bbox 24 239 95 272; x_wconf 85' lang='lat' dir='ltr'>Ann.</span> <span class='ocrx_word' id='word_1_5' title='bbox 110 237 150 269; x_wconf 88' lang='lat' dir='ltr'>D.</span> <span class='ocrx_word' id='word_1_6' title='bbox 203 237 369 276; x_wconf 86' lang='lat' dir='ltr'>Supplicans</span> <span class='ocrx_word' id='word_1_7' title='bbox 381 235 482 267; x_wconf 82' lang='lat' dir='ltr'>Nobis</span> <span class='ocrx_word' id='word_1_8' title='bbox 496 243 544 273; x_wconf 87' lang='lat' dir='ltr'>ut,</span> <span class='ocrx_word' id='word_1_9' title='bbox 562 235 591 266; x_wconf 88' lang='lat' dir='ltr'>iri</span> <span class='ocrx_word' id='word_1_10' title='bbox 613 235 692 267; x_wconf 84' lang='lat' dir='ltr'>causa</span> <span class='ocrx_word' id='word_1_11' title='bbox 714 236 898 276; x_wconf 87' lang='lat' dir='ltr'>Apellationis</span> <span class='ocrx_word' id='word_1_12' title='bbox 923 238 1085 277; x_wconf 62' lang='lat' dir='ltr'>praedictas,</span> <span class='ocrx_word' id='word_1_13' title='bbox 1110 237 1233 277; x_wconf 83' lang='lat' dir='ltr'>procedi</span> 
     </span>
    </p>
   </div>
   <div class='ocr_carea' id='block_1_3' title="bbox 0 276 1234 356">
    <p class='ocr_par' dir='ltr' id='par_1_3' title="bbox 0 276 1234 356">
     <span class='ocr_line' id='line_1_3' title="bbox 45 276 1113 321; baseline -0.013 -11"><span class='ocrx_word' id='word_1_14' title='bbox 45 278 131 320; x_wconf 79' lang='lat'><em>1360.</em></span> <span class='ocrx_word' id='word_1_15' title='bbox 167 276 264 314; x_wconf 84' lang='lat' dir='ltr'>iubere</span> <span class='ocrx_word' id='word_1_16' title='bbox 275 276 476 315; x_wconf 87' lang='lat' dir='ltr'>dignaremur,·</span> <span class='ocrx_word' id='word_1_17' title='bbox 586 313 593 318; x_wconf 45' lang='grc'><em>.</em></span> <span class='ocrx_word' id='word_1_18' title='bbox 978 314 983 319; x_wconf 91' lang='lat'><strong>.</strong></span> <span class='ocrx_word' id='word_1_19' title='bbox 1108 315 1113 321; x_wconf 32' lang='lat'><strong>⁴</strong></span> 
     </span>
     <span class='ocr_line' id='line_1_4' title="bbox 0 312 1234 356; baseline -0.001 -10"><span class='ocrx_word' id='word_1_20' title='bbox 0 351 1 356; x_wconf 20' lang='lat'>¹</span> <span class='ocrx_word' id='word_1_21' title='bbox 23 319 88 348; x_wconf 72' lang='lat' dir='ltr'>Edv.</span> <span class='ocrx_word' id='word_1_22' title='bbox 106 326 133 354; x_wconf 82' lang='lat'>3.</span> <span class='ocrx_word' id='word_1_23' title='bbox 207 314 291 351; x_wconf 86' lang='lat' dir='ltr'>Nos,</span> <span class='ocrx_word' id='word_1_24' title='bbox 308 313 453 350; x_wconf 81' lang='lat' dir='ltr'>volentes,</span> <span class='ocrx_word' id='word_1_25' title='bbox 470 320 505 342; x_wconf 84' lang='lat' dir='ltr'>ex</span> <span class='ocrx_word' id='word_1_26' title='bbox 524 320 607 342; x_wconf 90' lang='lat' dir='ltr'>certis</span> <span class='ocrx_word' id='word_1_27' title='bbox 630 312 716 343; x_wconf 84' lang='lat' dir='ltr'>causis</span> <span class='ocrx_word' id='word_1_28' title='bbox 729 336 739 351; x_wconf 90' lang='lat'>,</span> <span class='ocrx_word' id='word_1_29' title='bbox 766 313 845 351; x_wconf 86' lang='lat' dir='ltr'>super</span> <span class='ocrx_word' id='word_1_30' title='bbox 866 313 1005 350; x_wconf 89' lang='lat' dir='ltr'>Negotio</span> <span class='ocrx_word' id='word_1_31' title='bbox 1027 315 1164 351; x_wconf 67' lang='lat' dir='ltr'>praedicto</span> <span class='ocrx_word' id='word_1_32' title='bbox 1185 325 1234 353; x_wconf 91' lang='lat' dir='ltr'>per</span> 
     </span>
    </p>
   </div>
   <div class='ocr_carea' id='block_1_4' title="bbox 2270 177 2346 215">
    <p class='ocr_par' dir='ltr' id='par_1_4' title="bbox 2270 177 2346 215">
     <span class='ocr_line' id='line_1_5' title="bbox 2270 177 2346 215; baseline 0.026 -15"><span class='ocrx_word' id='word_1_33' title='bbox 2270 177 2346 215; x_wconf 80' lang='lat'>¹15</span> 
     </span>
    </p>
   </div>
   <div class='ocr_carea' id='block_1_5' title="bbox 1274 236 2483 361">
    <p class='ocr_par' dir='ltr' id='par_1_5' title="bbox 1274 236 2483 361">
     <span class='ocr_line' id='line_1_6' title="bbox 1275 236 2483 284; baseline 0.01 -18"><span class='ocrx_word' id='word_1_34' title='bbox 1275 236 1371 276; x_wconf 84' lang='lat' dir='ltr'>jusque</span> <span class='ocrx_word' id='word_1_35' title='bbox 1389 236 1521 282; x_wconf 79' lang='lat' dir='ltr'>Camerae</span> <span class='ocrx_word' id='word_1_36' title='bbox 1536 240 1693 279; x_wconf 89' lang='lat' dir='ltr'>Auditore,</span> <span class='ocrx_word' id='word_1_37' title='bbox 1708 241 1922 280; x_wconf 82' lang='lat' dir='ltr'>Viceauditore,</span> <span class='ocrx_word' id='word_1_38' title='bbox 1941 243 2165 284; x_wconf 72' lang='lat' dir='ltr'>Commissariis,</span> <span class='ocrx_word' id='word_1_39' title='bbox 2184 246 2217 276; x_wconf 66' lang='grc' dir='ltr'>ὃς</span> <span class='ocrx_word' id='word_1_40' title='bbox 2236 256 2334 277; x_wconf 87' lang='lat' dir='ltr'>eorum</span> <span class='ocrx_word' id='word_1_41' title='bbox 2352 248 2426 277; x_wconf 90' lang='lat' dir='ltr'>Ann.</span> <span class='ocrx_word' id='word_1_42' title='bbox 2441 246 2483 277; x_wconf 69' lang='lat' dir='ltr'>D,</span> 
     </span>
     <span class='ocr_line' id='line_1_7' title="bbox 1279 275 2458 323; baseline 0.011 -19"><span class='ocrx_word' id='word_1_43' title='bbox 1279 275 1535 321; x_wconf 84' lang='lat' dir='ltr'>Locatenentibus,</span> <span class='ocrx_word' id='word_1_44' title='bbox 1553 279 1586 309; x_wconf 68' lang='grc' dir='ltr'>ὅ(</span> <span class='ocrx_word' id='word_1_45' title='bbox 1600 281 1845 318; x_wconf 81' lang='lat' dir='ltr'>eorum&#39;quolibet</span> <span class='ocrx_word' id='word_1_46' title='bbox 1861 280 2024 318; x_wconf 60' lang='lat' dir='ltr'>praedictam</span> <span class='ocrx_word' id='word_1_47' title='bbox 2041 283 2110 314; x_wconf 90' lang='lat' dir='ltr'>Auri</span> <span class='ocrx_word' id='word_1_48' title='bbox 2131 284 2279 315; x_wconf 81' lang='lat' dir='ltr'>Summam</span> <span class='ocrx_word' id='word_1_49' title='bbox 2295 287 2333 316; x_wconf 88' lang='lat' dir='ltr'>se·</span> <span class='ocrx_word' id='word_1_50' title='bbox 2375 285 2458 323; x_wconf 82' lang='lat'>1366-</span> 
     </span>
     <span class='ocr_line' id='line_1_8' title="bbox 1274 314 2461 361; baseline 0.008 -18"><span class='ocrx_word' id='word_1_51' title='bbox 1274 314 1330 344; x_wconf 91' lang='lat' dir='ltr'>mel</span> <span class='ocrx_word' id='word_1_52' title='bbox 1347 314 1391 343; x_wconf 91' lang='lat' dir='ltr'>vel</span> <span class='ocrx_word' id='word_1_53' title='bbox 1406 315 1506 351; x_wconf 81' lang='lat' dir='ltr'>pluries</span> <span class='ocrx_word' id='word_1_54' title='bbox 1520 316 1714 348; x_wconf 81' lang='lat' dir='ltr'>confitendum</span> <span class='ocrx_word' id='word_1_55' title='bbox 1728 320 1760 349; x_wconf 73' lang='grc' dir='ltr'>δε</span> <span class='ocrx_word' id='word_1_56' title='bbox 1775 319 2052 361; x_wconf 79' lang='lat' dir='ltr'>recognoscendum,</span> <span class='ocrx_word' id='word_1_57' title='bbox 2348 326 2423 354; x_wconf 57' lang='lat' dir='ltr'>Edv„</span> <span class='ocrx_word' id='word_1_58' title='bbox 2435 333 2461 361; x_wconf 88' lang='lat'>3.</span> 
     </span>
    </p>
   </div>
   <div class='ocr_carea' id='block_1_6' title="bbox 0 0 14 616">
    <p class='ocr_par' dir='ltr' id='par_1_6' title="bbox 0 0 14 616">
     <span class='ocr_line' id='line_1_9' title="bbox 0 0 14 616; baseline 0 0"><span class='ocrx_word' id='word_1_59' title='bbox 0 0 14 616; x_wconf 95' lang='lat' dir='ltr'> </span> 
     </span>
    </p>
   </div>
   <div class='ocr_carea' id='block_1_7' title="bbox 5 918 155 954">
    <p class='ocr_par' dir='ltr' id='par_1_7' title="bbox 5 918 155 954">
     <span class='ocr_line' id='line_1_10' title="bbox 5 918 155 954; baseline -0.013 -2"><span class='ocrx_word' id='word_1_60' title='bbox 5 938 7 946; x_wconf 52' lang='grc' dir='ltr'><strong><em>ι</em></strong></span> <span class='ocrx_word' id='word_1_61' title='bbox 29 922 105 954; x_wconf 85' lang='lat' dir='ltr'>Ann.</span> <span class='ocrx_word' id='word_1_62' title='bbox 114 918 155 950; x_wconf 89' lang='lat' dir='ltr'>D.</span> 
     </span>
    </p>
   </div>
   <div class='ocr_carea' id='block_1_8' title="bbox 1 959 139 1152">
    <p class='ocr_par' dir='ltr' id='par_1_8' title="bbox 1 959 139 1152">
     <span class='ocr_line' id='line_1_11' title="bbox 54 959 136 999; baseline -0.012 -10"><span class='ocrx_word' id='word_1_63' title='bbox 54 959 136 999; x_wconf 82' lang='lat'>1366.</span> 
     </span>
     <span class='ocr_line' id='line_1_12' title="bbox 3 1005 139 1034; baseline -0.007 -6"><span class='ocrx_word' id='word_1_64' title='bbox 3 1024 5 1028; x_wconf 87' lang='lat'><em>.</em></span> <span class='ocrx_word' id='word_1_65' title='bbox 27 1005 79 1030; x_wconf 75' lang='lat' dir='ltr'>An.</span> <span class='ocrx_word' id='word_1_66' title='bbox 92 1008 139 1034; x_wconf 87' lang='lat'>40.</span> 
     </span>
     <span class='ocr_line' id='line_1_13' title="bbox 3 1043 104 1075; baseline 0 -10"><span class='ocrx_word' id='word_1_67' title='bbox 3 1062 5 1065; x_wconf 81' lang='grc'>,</span> <span class='ocrx_word' id='word_1_68' title='bbox 26 1043 55 1068; x_wconf 81' lang='grc' dir='ltr'>Ε.</span> <span class='ocrx_word' id='word_1_69' title='bbox 77 1048 104 1075; x_wconf 90' lang='lat'>3.</span> 
     </span>
     <span class='ocr_line' id='line_1_14' title="bbox 3 1079 136 1105; baseline -0.015 0"><span class='ocrx_word' id='word_1_70' title='bbox 3 1097 4 1101; x_wconf 64' lang='lat'>,</span> <span class='ocrx_word' id='word_1_71' title='bbox 25 1082 63 1105; x_wconf 79' lang='lat' dir='ltr'>Ex</span> <span class='ocrx_word' id='word_1_72' title='bbox 79 1079 106 1103; x_wconf 90' lang='lat' dir='ltr'><em>A</em></span> <span class='ocrx_word' id='word_1_73' title='bbox 126 1091 136 1097; x_wconf 93' lang='lat'>-</span> 
     </span>
     <span class='ocr_line' id='line_1_15' title="bbox 1 1123 88 1152; baseline 0.011 -9"><span class='ocrx_word' id='word_1_74' title='bbox 1 1127 3 1131; x_wconf 59' lang='lat'><em>⁴</em></span> <span class='ocrx_word' id='word_1_75' title='bbox 24 1123 88 1152; x_wconf 76' lang='lat' dir='ltr'>togr.</span> 
     </span>
    </p>
   </div>
   <div class='ocr_carea' id='block_1_9' title="bbox 35 2916 131 2993">
    <p class='ocr_par' dir='ltr' id='par_1_9' title="bbox 35 2916 131 2993">
     <span class='ocr_line' id='line_1_16' title="bbox 40 2916 131 2946; baseline 0 0"><span class='ocrx_word' id='word_1_76' title='bbox 40 2916 61 2935; x_wconf 67' lang='lat'><em>*</em></span> <span class='ocrx_word' id='word_1_77' title='bbox 78 2918 131 2946; x_wconf 88' lang='lat' dir='ltr'>VI.</span> 
     </span>
     <span class='ocr_line' id='line_1_17' title="bbox 35 2965 104 2993; baseline 0.014 -1"><span class='ocrx_word' id='word_1_78' title='bbox 35 2965 104 2993; x_wconf 86' lang='lat'>5¹3·</span> 
     </span>
    </p>
   </div>
   <div class='ocr_carea' id='block_1_10' title="bbox 170 349 1236 735">
    <p class='ocr_par' dir='ltr' id='par_1_10' title="bbox 170 349 1236 505">
     <span class='ocr_line' id='line_1_18' title="bbox 170 349 1234 391; baseline 0.001 -9"><span class='ocrx_word' id='word_1_79' title='bbox 170 351 337 382; x_wconf 86' lang='lat' dir='ltr'>Concilium</span> <span class='ocrx_word' id='word_1_80' title='bbox 352 349 482 381; x_wconf 89' lang='lat' dir='ltr'>nostrum</span> <span class='ocrx_word' id='word_1_81' title='bbox 494 349 602 389; x_wconf 76' lang='lat' dir='ltr'>plenius</span> <span class='ocrx_word' id='word_1_82' title='bbox 614 350 765 381; x_wconf 91' lang='lat' dir='ltr'>deliberare</span> <span class='ocrx_word' id='word_1_83' title='bbox 775 374 784 390; x_wconf 89' lang='lat'>,</span> <span class='ocrx_word' id='word_1_84' title='bbox 802 352 900 389; x_wconf 88' lang='lat' dir='ltr'>vobis,</span> <span class='ocrx_word' id='word_1_85' title='bbox 917 354 949 382; x_wconf 75' lang='grc' dir='ltr'>δε</span> <span class='ocrx_word' id='word_1_86' title='bbox 965 350 1091 382; x_wconf 70' lang='lat' dir='ltr'>vestrum</span> <span class='ocrx_word' id='word_1_87' title='bbox 1107 354 1234 391; x_wconf 75' lang='lat' dir='ltr'>cuilibet,</span> 
     </span>
     <span class='ocr_line' id='line_1_19' title="bbox 170 389 1236 429; baseline 0 -8"><span class='ocrx_word' id='word_1_88' title='bbox 170 390 332 421; x_wconf 85' lang='lat' dir='ltr'>mandamus</span> <span class='ocrx_word' id='word_1_89' title='bbox 349 389 477 427; x_wconf 84' lang='lat' dir='ltr'>quatinus</span> <span class='ocrx_word' id='word_1_90' title='bbox 491 410 500 425; x_wconf 86' lang='lat'>,</span> <span class='ocrx_word' id='word_1_91' title='bbox 519 390 548 418; x_wconf 91' lang='lat' dir='ltr'>in</span> <span class='ocrx_word' id='word_1_92' title='bbox 570 389 765 427; x_wconf 86' lang='lat' dir='ltr'>praejudicium</span> <span class='ocrx_word' id='word_1_93' title='bbox 789 389 992 429; x_wconf 88' lang='lat' dir='ltr'>Appellationis</span> <span class='ocrx_word' id='word_1_94' title='bbox 1014 391 1177 429; x_wconf 69' lang='lat' dir='ltr'>praedkstae,</span> <span class='ocrx_word' id='word_1_95' title='bbox 1193 393 1236 421; x_wconf 89' lang='lat' dir='ltr'>ni-</span> 
     </span>
     <span class='ocr_line' id='line_1_20' title="bbox 170 426 1231 468; baseline 0 -8"><span class='ocrx_word' id='word_1_96' title='bbox 170 428 227 460; x_wconf 91' lang='lat' dir='ltr'>chil</span> <span class='ocrx_word' id='word_1_97' title='bbox 239 427 427 465; x_wconf 83' lang='lat' dir='ltr'>attemptetis,</span> <span class='ocrx_word' id='word_1_98' title='bbox 445 426 490 457; x_wconf 91' lang='lat' dir='ltr'>seu</span> <span class='ocrx_word' id='word_1_99' title='bbox 504 428 666 464; x_wconf 81' lang='lat' dir='ltr'>permittatis</span> <span class='ocrx_word' id='word_1_100' title='bbox 680 429 838 466; x_wconf 83' lang='lat' dir='ltr'>attemptari</span> <span class='ocrx_word' id='word_1_101' title='bbox 861 429 906 458; x_wconf 92' lang='lat' dir='ltr'>vel</span> <span class='ocrx_word' id='word_1_102' title='bbox 925 429 1055 459; x_wconf 89' lang='lat' dir='ltr'>innovari</span> <span class='ocrx_word' id='word_1_103' title='bbox 1070 452 1080 467; x_wconf 90' lang='lat'>,</span> <span class='ocrx_word' id='word_1_104' title='bbox 1107 430 1231 468; x_wconf 90' lang='lat' dir='ltr'>penden-</span> 
     </span>
     <span class='ocr_line' id='line_1_21' title="bbox 170 464 898 505; baseline -0.001 -8"><span class='ocrx_word' id='word_1_105' title='bbox 170 476 200 498; x_wconf 89' lang='lat' dir='ltr'>te</span> <span class='ocrx_word' id='word_1_106' title='bbox 213 465 371 504; x_wconf 85' lang='lat' dir='ltr'>hujusmodi</span> <span class='ocrx_word' id='word_1_107' title='bbox 387 464 590 503; x_wconf 89' lang='lat' dir='ltr'>Appellationis</span> <span class='ocrx_word' id='word_1_108' title='bbox 604 467 721 503; x_wconf 86' lang='lat' dir='ltr'>negotio</span> <span class='ocrx_word' id='word_1_109' title='bbox 737 466 898 505; x_wconf 73' lang='lat' dir='ltr'>indiscusso,</span> 
     </span>
    </p>

    <p class='ocr_par' dir='ltr' id='par_1_11' title="bbox 170 503 1236 687">
     <span class='ocr_line' id='line_1_22' title="bbox 207 503 1236 544; baseline 0.002 -10"><span class='ocrx_word' id='word_1_110' title='bbox 207 503 262 541; x_wconf 91' lang='lat' dir='ltr'>Et,</span> <span class='ocrx_word' id='word_1_111' title='bbox 280 503 299 533; x_wconf 84' lang='lat' dir='ltr'>si</span> <span class='ocrx_word' id='word_1_112' title='bbox 312 503 379 542; x_wconf 88' lang='lat' dir='ltr'>quid</span> <span class='ocrx_word' id='word_1_113' title='bbox 394 503 506 534; x_wconf 82' lang='lat' dir='ltr'>foriitan</span> <span class='ocrx_word' id='word_1_114' title='bbox 517 525 528 541; x_wconf 86' lang='lat'>,</span> <span class='ocrx_word' id='word_1_115' title='bbox 545 513 561 533; x_wconf 87' lang='lat' dir='ltr'>a</span> <span class='ocrx_word' id='word_1_116' title='bbox 573 511 702 542; x_wconf 90' lang='lat' dir='ltr'>tempore</span> <span class='ocrx_word' id='word_1_117' title='bbox 714 503 860 543; x_wconf 66' lang='lat' dir='ltr'>praedietae</span> <span class='ocrx_word' id='word_1_118' title='bbox 883 504 1085 542; x_wconf 88' lang='lat' dir='ltr'>Appellationis</span> <span class='ocrx_word' id='word_1_119' title='bbox 1108 506 1236 544; x_wconf 87' lang='lat' dir='ltr'>interpo-</span> 
     </span>
     <span class='ocr_line' id='line_1_23' title="bbox 173 539 1236 582; baseline 0.002 -10"><span class='ocrx_word' id='word_1_120' title='bbox 173 542 249 579; x_wconf 85' lang='lat' dir='ltr'>fitae,</span> <span class='ocrx_word' id='word_1_121' title='bbox 267 539 351 572; x_wconf 89' lang='lat' dir='ltr'>fuerit</span> <span class='ocrx_word' id='word_1_122' title='bbox 365 549 559 579; x_wconf 90' lang='lat' dir='ltr'>attemptatum</span> <span class='ocrx_word' id='word_1_123' title='bbox 573 540 619 571; x_wconf 90' lang='lat' dir='ltr'>seu</span> <span class='ocrx_word' id='word_1_124' title='bbox 634 543 821 580; x_wconf 88' lang='lat' dir='ltr'>innovatum,</span> <span class='ocrx_word' id='word_1_125' title='bbox 841 551 925 580; x_wconf 89' lang='lat' dir='ltr'>prout</span> <span class='ocrx_word' id='word_1_126' title='bbox 940 542 1045 577; x_wconf 87' lang='lat' dir='ltr'>justum</span> <span class='ocrx_word' id='word_1_127' title='bbox 1061 543 1145 575; x_wconf 88' lang='lat' dir='ltr'>fuerit</span> <span class='ocrx_word' id='word_1_128' title='bbox 1164 566 1174 582; x_wconf 91' lang='lat'>,</span> <span class='ocrx_word' id='word_1_129' title='bbox 1191 554 1236 574; x_wconf 91' lang='lat' dir='ltr'>re-</span> 
     </span>
     <span class='ocr_line' id='line_1_24' title="bbox 173 579 1235 620; baseline 0.001 -10"><span class='ocrx_word' id='word_1_130' title='bbox 173 580 298 618; x_wconf 81' lang='lat' dir='ltr'>vocetis,</span> <span class='ocrx_word' id='word_1_131' title='bbox 317 580 350 610; x_wconf 92' lang='lat'>&amp;</span> <span class='ocrx_word' id='word_1_132' title='bbox 364 580 398 611; x_wconf 91' lang='lat' dir='ltr'>ad</span> <span class='ocrx_word' id='word_1_133' title='bbox 413 579 522 610; x_wconf 85' lang='lat' dir='ltr'>Statum</span> <span class='ocrx_word' id='word_1_134' title='bbox 536 579 684 617; x_wconf 89' lang='lat' dir='ltr'>pristinum</span> <span class='ocrx_word' id='word_1_135' title='bbox 701 581 734 610; x_wconf 88' lang='lat'>&amp;</span> <span class='ocrx_word' id='word_1_136' title='bbox 751 580 879 611; x_wconf 84' lang='lat' dir='ltr'>debitum</span> <span class='ocrx_word' id='word_1_137' title='bbox 894 580 1048 619; x_wconf 83' lang='lat' dir='ltr'>reducatis,</span> <span class='ocrx_word' id='word_1_138' title='bbox 1063 582 1127 619; x_wconf 83' lang='lat' dir='ltr'>seu,</span> <span class='ocrx_word' id='word_1_139' title='bbox 1146 592 1235 620; x_wconf 89' lang='lat' dir='ltr'>quan-</span> 
     </span>
     <span class='ocr_line' id='line_1_25' title="bbox 170 617 1235 659; baseline 0.002 -11"><span class='ocrx_word' id='word_1_140' title='bbox 170 626 235 648; x_wconf 81' lang='lat' dir='ltr'>tum</span> <span class='ocrx_word' id='word_1_141' title='bbox 249 618 283 648; x_wconf 93' lang='lat' dir='ltr'>ad</span> <span class='ocrx_word' id='word_1_142' title='bbox 299 628 363 656; x_wconf 89' lang='lat' dir='ltr'>vos,</span> <span class='ocrx_word' id='word_1_143' title='bbox 384 617 429 647; x_wconf 91' lang='lat' dir='ltr'>vel</span> <span class='ocrx_word' id='word_1_144' title='bbox 440 617 562 654; x_wconf 85' lang='lat' dir='ltr'>aliquem</span> <span class='ocrx_word' id='word_1_145' title='bbox 577 617 719 655; x_wconf 73' lang='lat' dir='ltr'>vestrum,</span> <span class='ocrx_word' id='word_1_146' title='bbox 745 619 861 657; x_wconf 87' lang='lat' dir='ltr'>attinet,</span> <span class='ocrx_word' id='word_1_147' title='bbox 887 620 982 650; x_wconf 85' lang='lat' dir='ltr'>reduci</span> <span class='ocrx_word' id='word_1_148' title='bbox 1003 619 1124 659; x_wconf 86' lang='lat' dir='ltr'>faciatis,</span> <span class='ocrx_word' id='word_1_149' title='bbox 1141 620 1235 650; x_wconf 89' lang='lat' dir='ltr'>donec</span> 
     </span>
     <span class='ocr_line' id='line_1_26' title="bbox 170 655 843 687; baseline 0 0"><span class='ocrx_word' id='word_1_150' title='bbox 170 656 244 687; x_wconf 86' lang='lat' dir='ltr'>aliud</span> <span class='ocrx_word' id='word_1_151' title='bbox 260 667 276 687; x_wconf 89' lang='lat' dir='ltr'>a</span> <span class='ocrx_word' id='word_1_152' title='bbox 290 656 388 686; x_wconf 91' lang='lat' dir='ltr'>Nobis</span> <span class='ocrx_word' id='word_1_153' title='bbox 402 655 470 685; x_wconf 78' lang='lat' dir='ltr'>inde</span> <span class='ocrx_word' id='word_1_154' title='bbox 484 655 631 686; x_wconf 83' lang='lat' dir='ltr'>habueritis</span> <span class='ocrx_word' id='word_1_155' title='bbox 645 657 674 686; x_wconf 91' lang='lat' dir='ltr'>in</span> <span class='ocrx_word' id='word_1_156' title='bbox 694 655 843 687; x_wconf 80' lang='lat' dir='ltr'>Mandatis.</span> 
     </span>
    </p>

    <p class='ocr_par' dir='ltr' id='par_1_12' title="bbox 207 693 1053 735">
     <span class='ocr_line' id='line_1_27' title="bbox 207 693 1053 735; baseline 0.001 -11"><span class='ocrx_word' id='word_1_157' title='bbox 207 693 276 726; x_wconf 87' lang='lat' dir='ltr'>Dat.</span> <span class='ocrx_word' id='word_1_158' title='bbox 294 694 366 732; x_wconf 80' lang='lat' dir='ltr'>apud</span> <span class='ocrx_word' id='word_1_159' title='bbox 380 693 684 732; x_wconf 87' lang='lat' dir='ltr'>Westmonasterium,</span> <span class='ocrx_word' id='word_1_160' title='bbox 704 695 839 726; x_wconf 85' lang='lat' dir='ltr'>vicesimo</span> <span class='ocrx_word' id='word_1_161' title='bbox 857 696 904 726; x_wconf 92' lang='lat' dir='ltr'>die</span> <span class='ocrx_word' id='word_1_162' title='bbox 927 694 1053 735; x_wconf 88' lang='lat' dir='ltr'>Augusti.</span> 
     </span>
    </p>
   </div>
   <div class='ocr_carea' id='block_1_11' title="bbox 294 813 1115 865">
    <p class='ocr_par' dir='ltr' id='par_1_13' title="bbox 294 813 1115 865">
     <span class='ocr_line' id='line_1_28' title="bbox 294 813 1115 865; baseline 0 -16"><span class='ocrx_word' id='word_1_163' title='bbox 294 813 448 864; x_wconf 83' lang='lat' dir='ltr'>Obligatio</span> <span class='ocrx_word' id='word_1_164' title='bbox 457 828 513 865; x_wconf 89' lang='lat' dir='ltr'>pro</span> <span class='ocrx_word' id='word_1_165' title='bbox 532 821 682 861; x_wconf 82' lang='lat' dir='ltr'>Pecunia,</span> <span class='ocrx_word' id='word_1_166' title='bbox 707 820 781 864; x_wconf 84' lang='lat' dir='ltr'>Regi</span> <span class='ocrx_word' id='word_1_167' title='bbox 810 819 967 849; x_wconf 81' lang='lat' dir='ltr'>Navarrae</span> <span class='ocrx_word' id='word_1_168' title='bbox 987 815 1115 849; x_wconf 83' lang='lat' dir='ltr'>tradita.</span> 
     </span>
    </p>
   </div>
   <div class='ocr_carea' id='block_1_12' title="bbox 155 899 1234 4116">
    <p class='ocr_par' dir='ltr' id='par_1_14' title="bbox 173 899 1234 1132">
     <span class='ocr_line' id='line_1_29' title="bbox 174 899 1234 964; baseline -0.001 -33"><span class='ocrx_word' id='word_1_169' title='bbox 174 899 322 964; x_wconf 83' lang='lat' dir='ltr'>PEtrus,</span> <span class='ocrx_word' id='word_1_170' title='bbox 340 901 399 933; x_wconf 91' lang='lat' dir='ltr'>Dei</span> <span class='ocrx_word' id='word_1_171' title='bbox 412 902 516 941; x_wconf 68' lang='lat' dir='ltr'>gratia,</span> <span class='ocrx_word' id='word_1_172' title='bbox 531 902 597 933; x_wconf 82' lang='lat' dir='ltr'>Rex</span> <span class='ocrx_word' id='word_1_173' title='bbox 609 901 738 933; x_wconf 86' lang='lat' dir='ltr'>Castellae</span> <span class='ocrx_word' id='word_1_174' title='bbox 753 902 786 933; x_wconf 68' lang='grc' dir='ltr'>ὃ(</span> <span class='ocrx_word' id='word_1_175' title='bbox 803 900 948 940; x_wconf 82' lang='lat' dir='ltr'>Legionis,</span> <span class='ocrx_word' id='word_1_176' title='bbox 972 900 1092 931; x_wconf 91' lang='lat' dir='ltr'>Notum</span> <span class='ocrx_word' id='word_1_177' title='bbox 1113 901 1234 932; x_wconf 88' lang='lat' dir='ltr'>facimus</span> 
     </span>
     <span class='ocr_line' id='line_1_30' title="bbox 244 938 1231 979; baseline 0.001 -10"><span class='ocrx_word' id='word_1_178' title='bbox 244 938 404 979; x_wconf 86' lang='lat' dir='ltr'>Univerfis,</span> <span class='ocrx_word' id='word_1_179' title='bbox 423 941 565 979; x_wconf 64' lang='lat' dir='ltr'>praesentes</span> <span class='ocrx_word' id='word_1_180' title='bbox 581 941 699 971; x_wconf 87' lang='lat' dir='ltr'>Litteras</span> <span class='ocrx_word' id='word_1_181' title='bbox 711 939 887 979; x_wconf 59' lang='lat' dir='ltr'>inspecturis,</span> <span class='ocrx_word' id='word_1_182' title='bbox 904 938 983 978; x_wconf 83' lang='lat' dir='ltr'>quod</span> <span class='ocrx_word' id='word_1_183' title='bbox 998 949 1050 969; x_wconf 91' lang='lat' dir='ltr'>nos</span> <span class='ocrx_word' id='word_1_184' title='bbox 1062 939 1184 969; x_wconf 89' lang='lat' dir='ltr'>fatemur</span> <span class='ocrx_word' id='word_1_185' title='bbox 1197 940 1231 970; x_wconf 91' lang='lat'>&amp;</span> 
     </span>
     <span class='ocr_line' id='line_1_31' title="bbox 177 977 1232 1018; baseline 0 -11"><span class='ocrx_word' id='word_1_186' title='bbox 177 977 291 1015; x_wconf 78' lang='lat' dir='ltr'>publice</span> <span class='ocrx_word' id='word_1_187' title='bbox 304 980 529 1018; x_wconf 83' lang='lat' dir='ltr'>recognoscimus</span> <span class='ocrx_word' id='word_1_188' title='bbox 548 979 653 1009; x_wconf 90' lang='lat' dir='ltr'>debere</span> <span class='ocrx_word' id='word_1_189' title='bbox 676 979 802 1017; x_wconf 79' lang='lat' dir='ltr'>legitime</span> <span class='ocrx_word' id='word_1_190' title='bbox 816 1001 826 1015; x_wconf 90' lang='lat'>,</span> <span class='ocrx_word' id='word_1_191' title='bbox 849 977 1028 1008; x_wconf 85' lang='lat' dir='ltr'>Sereniffimo</span> <span class='ocrx_word' id='word_1_192' title='bbox 1040 1000 1050 1015; x_wconf 91' lang='lat'>,</span> <span class='ocrx_word' id='word_1_193' title='bbox 1073 977 1232 1015; x_wconf 86' lang='lat' dir='ltr'>EdwardO,</span> 
     </span>
     <span class='ocr_line' id='line_1_32' title="bbox 174 1014 1233 1056; baseline -0.002 -9"><span class='ocrx_word' id='word_1_194' title='bbox 174 1016 264 1056; x_wconf 85' lang='lat' dir='ltr'>Regis</span> <span class='ocrx_word' id='word_1_195' title='bbox 277 1016 390 1056; x_wconf 85' lang='lat' dir='ltr'>Angliae</span> <span class='ocrx_word' id='word_1_196' title='bbox 405 1016 616 1056; x_wconf 88' lang='lat' dir='ltr'>Primogenito,</span> <span class='ocrx_word' id='word_1_197' title='bbox 632 1016 758 1056; x_wconf 85' lang='lat' dir='ltr'>Principi</span> <span class='ocrx_word' id='word_1_198' title='bbox 773 1015 932 1055; x_wconf 82' lang='lat' dir='ltr'>Aquitaniae</span> <span class='ocrx_word' id='word_1_199' title='bbox 948 1016 980 1046; x_wconf 68' lang='grc' dir='ltr'>ὃς</span> <span class='ocrx_word' id='word_1_200' title='bbox 996 1015 1128 1053; x_wconf 77' lang='lat' dir='ltr'>Walliae,</span> <span class='ocrx_word' id='word_1_201' title='bbox 1146 1014 1233 1045; x_wconf 93' lang='lat' dir='ltr'>Con-</span> 
     </span>
     <span class='ocr_line' id='line_1_33' title="bbox 173 1053 1232 1094; baseline 0.001 -10"><span class='ocrx_word' id='word_1_202' title='bbox 173 1055 322 1093; x_wconf 83' lang='lat' dir='ltr'>sanguineo</span> <span class='ocrx_word' id='word_1_203' title='bbox 335 1054 448 1093; x_wconf 83' lang='lat' dir='ltr'>nostro,</span> <span class='ocrx_word' id='word_1_204' title='bbox 470 1054 682 1094; x_wconf 82' lang='lat' dir='ltr'>Qiinquaginta</span> <span class='ocrx_word' id='word_1_205' title='bbox 696 1055 751 1086; x_wconf 82' lang='lat' dir='ltr'>Sex</span> <span class='ocrx_word' id='word_1_206' title='bbox 765 1054 849 1085; x_wconf 90' lang='lat' dir='ltr'>Mille</span> <span class='ocrx_word' id='word_1_207' title='bbox 865 1055 888 1085; x_wconf 92' lang='lat' dir='ltr'>F</span> <span class='ocrx_word' id='word_1_208' title='bbox 888 1055 1000 1085; x_wconf 86' lang='lat' dir='ltr'>lorenos</span> <span class='ocrx_word' id='word_1_209' title='bbox 1012 1053 1097 1092; x_wconf 83' lang='lat' dir='ltr'>Auri,</span> <span class='ocrx_word' id='word_1_210' title='bbox 1112 1055 1183 1084; x_wconf 91' lang='lat' dir='ltr'>boni</span> <span class='ocrx_word' id='word_1_211' title='bbox 1198 1055 1232 1085; x_wconf 85' lang='lat'>&amp;</span> 
     </span>
     <span class='ocr_line' id='line_1_34' title="bbox 175 1092 658 1132; baseline 0.002 -9"><span class='ocrx_word' id='word_1_212' title='bbox 175 1093 298 1132; x_wconf 86' lang='lat' dir='ltr'>legitimi</span> <span class='ocrx_word' id='word_1_213' title='bbox 313 1092 450 1123; x_wconf 90' lang='lat' dir='ltr'>Ponderis</span> <span class='ocrx_word' id='word_1_214' title='bbox 464 1093 500 1122; x_wconf 92' lang='lat' dir='ltr'>de</span> <span class='ocrx_word' id='word_1_215' title='bbox 516 1092 658 1132; x_wconf 86' lang='lat' dir='ltr'>Camera,</span> 
     </span>
    </p>

    <p class='ocr_par' dir='ltr' id='par_1_15' title="bbox 176 1130 1232 1210">
     <span class='ocr_line' id='line_1_35' title="bbox 216 1130 1232 1171; baseline 0.002 -11"><span class='ocrx_word' id='word_1_216' title='bbox 216 1131 300 1170; x_wconf 85' lang='lat' dir='ltr'>Qios</span> <span class='ocrx_word' id='word_1_217' title='bbox 315 1130 449 1161; x_wconf 88' lang='lat' dir='ltr'>Florenos</span> <span class='ocrx_word' id='word_1_218' title='bbox 463 1131 538 1162; x_wconf 88' lang='lat' dir='ltr'>idern</span> <span class='ocrx_word' id='word_1_219' title='bbox 555 1131 709 1171; x_wconf 78' lang='lat' dir='ltr'>Princeps,</span> <span class='ocrx_word' id='word_1_220' title='bbox 748 1142 780 1162; x_wconf 92' lang='lat' dir='ltr'>ro</span> <span class='ocrx_word' id='word_1_221' title='bbox 794 1131 893 1170; x_wconf 90' lang='lat' dir='ltr'>nobis,</span> <span class='ocrx_word' id='word_1_222' title='bbox 912 1141 945 1162; x_wconf 88' lang='lat' dir='ltr'>ac</span> <span class='ocrx_word' id='word_1_223' title='bbox 961 1130 1060 1161; x_wconf 92' lang='lat' dir='ltr'>nostro</span> <span class='ocrx_word' id='word_1_224' title='bbox 1075 1131 1232 1162; x_wconf 89' lang='lat' dir='ltr'>nomineac</span> 
     </span>
     <span class='ocr_line' id='line_1_36' title="bbox 176 1169 851 1210; baseline -0.001 -10"><span class='ocrx_word' id='word_1_225' title='bbox 176 1169 331 1207; x_wconf 85' lang='lat' dir='ltr'>MandatO,</span> <span class='ocrx_word' id='word_1_226' title='bbox 346 1169 460 1200; x_wconf 88' lang='lat' dir='ltr'>tradidit</span> <span class='ocrx_word' id='word_1_227' title='bbox 476 1170 508 1200; x_wconf 88' lang='lat'>&amp;</span> <span class='ocrx_word' id='word_1_228' title='bbox 523 1170 602 1202; x_wconf 91' lang='lat' dir='ltr'>solvit</span> <span class='ocrx_word' id='word_1_229' title='bbox 616 1171 691 1210; x_wconf 88' lang='lat' dir='ltr'>Regi</span> <span class='ocrx_word' id='word_1_230' title='bbox 743 1180 851 1200; x_wconf 85' lang='lat' dir='ltr'>avarrae.</span> 
     </span>
    </p>

    <p class='ocr_par' dir='ltr' id='par_1_16' title="bbox 171 1207 1231 1364">
     <span class='ocr_line' id='line_1_37' title="bbox 212 1207 1231 1248; baseline 0 -11"><span class='ocrx_word' id='word_1_231' title='bbox 212 1207 311 1245; x_wconf 85' lang='lat' dir='ltr'>Qiam</span> <span class='ocrx_word' id='word_1_232' title='bbox 325 1208 441 1246; x_wconf 89' lang='lat' dir='ltr'>quidem</span> <span class='ocrx_word' id='word_1_233' title='bbox 458 1208 609 1239; x_wconf 86' lang='lat' dir='ltr'>Summam</span> <span class='ocrx_word' id='word_1_234' title='bbox 623 1209 692 1240; x_wconf 91' lang='lat' dir='ltr'>Auri</span> <span class='ocrx_word' id='word_1_235' title='bbox 707 1208 870 1247; x_wconf 62' lang='lat' dir='ltr'>praedidiam</span> <span class='ocrx_word' id='word_1_236' title='bbox 892 1208 1082 1248; x_wconf 85' lang='lat' dir='ltr'>promittimus</span> <span class='ocrx_word' id='word_1_237' title='bbox 1101 1208 1134 1238; x_wconf 90' lang='lat'>&amp;</span> <span class='ocrx_word' id='word_1_238' title='bbox 1153 1216 1231 1238; x_wconf 78' lang='lat' dir='ltr'>tene-</span> 
     </span>
     <span class='ocr_line' id='line_1_38' title="bbox 172 1245 1231 1285; baseline 0 -10"><span class='ocrx_word' id='word_1_239' title='bbox 172 1254 237 1276; x_wconf 87' lang='lat' dir='ltr'>mur</span> <span class='ocrx_word' id='word_1_240' title='bbox 249 1245 354 1276; x_wconf 88' lang='lat' dir='ltr'>solvere</span> <span class='ocrx_word' id='word_1_241' title='bbox 366 1247 398 1277; x_wconf 72' lang='grc' dir='ltr'>ὃ(</span> <span class='ocrx_word' id='word_1_242' title='bbox 412 1246 526 1277; x_wconf 86' lang='lat' dir='ltr'>reddere</span> <span class='ocrx_word' id='word_1_243' title='bbox 540 1247 634 1278; x_wconf 90' lang='lat' dir='ltr'>eidem</span> <span class='ocrx_word' id='word_1_244' title='bbox 648 1248 772 1285; x_wconf 90' lang='lat' dir='ltr'>Principi</span> <span class='ocrx_word' id='word_1_245' title='bbox 781 1270 790 1285; x_wconf 93' lang='lat'>,</span> <span class='ocrx_word' id='word_1_246' title='bbox 808 1247 851 1277; x_wconf 80' lang='lat' dir='ltr'>seu</span> <span class='ocrx_word' id='word_1_247' title='bbox 868 1248 924 1285; x_wconf 87' lang='lat' dir='ltr'>ejus</span> <span class='ocrx_word' id='word_1_248' title='bbox 937 1256 1016 1276; x_wconf 90' lang='lat' dir='ltr'>certo</span> <span class='ocrx_word' id='word_1_249' title='bbox 1033 1247 1184 1284; x_wconf 85' lang='lat' dir='ltr'>mandato,</span> <span class='ocrx_word' id='word_1_250' title='bbox 1202 1247 1231 1276; x_wconf 90' lang='lat' dir='ltr'>in</span> 
     </span>
     <span class='ocr_line' id='line_1_39' title="bbox 172 1282 1230 1325; baseline -0.001 -11"><span class='ocrx_word' id='word_1_251' title='bbox 172 1282 277 1314; x_wconf 81' lang='lat' dir='ltr'>Castro</span> <span class='ocrx_word' id='word_1_252' title='bbox 292 1284 340 1314; x_wconf 90' lang='lat' dir='ltr'>suo</span> <span class='ocrx_word' id='word_1_253' title='bbox 352 1284 426 1315; x_wconf 91' lang='lat' dir='ltr'>Burd</span> <span class='ocrx_word' id='word_1_254' title='bbox 462 1285 528 1323; x_wconf 79' lang='lat' dir='ltr'>alae,</span> <span class='ocrx_word' id='word_1_255' title='bbox 546 1285 645 1316; x_wconf 88' lang='lat' dir='ltr'>nostris</span> <span class='ocrx_word' id='word_1_256' title='bbox 659 1287 776 1325; x_wconf 79' lang='lat' dir='ltr'>propriis</span> <span class='ocrx_word' id='word_1_257' title='bbox 789 1286 954 1324; x_wconf 87' lang='lat' dir='ltr'>Sumptibus</span> <span class='ocrx_word' id='word_1_258' title='bbox 968 1285 1001 1315; x_wconf 90' lang='lat'>&amp;</span> <span class='ocrx_word' id='word_1_259' title='bbox 1021 1283 1169 1322; x_wconf 82' lang='lat' dir='ltr'>Expenlis‚</span> <span class='ocrx_word' id='word_1_260' title='bbox 1188 1284 1230 1313; x_wconf 91' lang='lat' dir='ltr'>in-</span> 
     </span>
     <span class='ocr_line' id='line_1_40' title="bbox 171 1294 1059 1364; baseline -0.001 -11"><span class='ocrx_word' id='word_1_261' title='bbox 171 1323 211 1353; x_wconf 86' lang='lat' dir='ltr'>fra</span> <span class='ocrx_word' id='word_1_262' title='bbox 225 1322 339 1352; x_wconf 85' lang='lat' dir='ltr'>Festum</span> <span class='ocrx_word' id='word_1_263' title='bbox 355 1294 575 1362; x_wconf 54' lang='lat' dir='ltr'>beatiefohannis</span> <span class='ocrx_word' id='word_1_264' title='bbox 590 1324 736 1364; x_wconf 87' lang='lat' dir='ltr'>Baptistae,</span> <span class='ocrx_word' id='word_1_265' title='bbox 752 1325 887 1361; x_wconf 83' lang='lat' dir='ltr'>proximo</span> <span class='ocrx_word' id='word_1_266' title='bbox 900 1331 1059 1353; x_wconf 85' lang='lat' dir='ltr'>venturum.</span> 
     </span>
    </p>

    <p class='ocr_par' dir='ltr' id='par_1_17' title="bbox 167 1360 1230 1736">
     <span class='ocr_line' id='line_1_41' title="bbox 213 1360 1229 1401; baseline -0.001 -10"><span class='ocrx_word' id='word_1_267' title='bbox 213 1360 250 1391; x_wconf 89' lang='lat' dir='ltr'>Et</span> <span class='ocrx_word' id='word_1_268' title='bbox 266 1361 396 1391; x_wconf 87' lang='lat' dir='ltr'>volumus</span> <span class='ocrx_word' id='word_1_269' title='bbox 411 1372 443 1392; x_wconf 91' lang='lat' dir='ltr'>ac</span> <span class='ocrx_word' id='word_1_270' title='bbox 457 1363 646 1393; x_wconf 83' lang='lat' dir='ltr'>consentimus</span> <span class='ocrx_word' id='word_1_271' title='bbox 658 1362 740 1401; x_wconf 84' lang='lat' dir='ltr'>quod</span> <span class='ocrx_word' id='word_1_272' title='bbox 763 1362 837 1393; x_wconf 90' lang='lat' dir='ltr'>Tres</span> <span class='ocrx_word' id='word_1_273' title='bbox 860 1362 939 1392; x_wconf 80' lang='lat' dir='ltr'>Filiae</span> <span class='ocrx_word' id='word_1_274' title='bbox 960 1360 1063 1391; x_wconf 85' lang='lat' dir='ltr'>nostrae</span> <span class='ocrx_word' id='word_1_275' title='bbox 1075 1383 1085 1398; x_wconf 93' lang='lat'>,</span> <span class='ocrx_word' id='word_1_276' title='bbox 1112 1360 1229 1391; x_wconf 82' lang='lat' dir='ltr'>Uxores</span> 
     </span>
     <span class='ocr_line' id='line_1_42' title="bbox 177 1398 1230 1442; baseline 0 -14"><span class='ocrx_word' id='word_1_277' title='bbox 177 1398 231 1429; x_wconf 84' lang='lat' dir='ltr'>Ma</span> <span class='ocrx_word' id='word_1_278' title='bbox 255 1398 312 1429; x_wconf 87' lang='lat' dir='ltr'>istri</span> <span class='ocrx_word' id='word_1_279' title='bbox 328 1399 493 1439; x_wconf 85' lang='lat' dir='ltr'>Alcantare,</span> <span class='ocrx_word' id='word_1_280' title='bbox 512 1401 622 1432; x_wconf 88' lang='lat' dir='ltr'>Mathei</span> <span class='ocrx_word' id='word_1_281' title='bbox 636 1400 789 1439; x_wconf 87' lang='lat' dir='ltr'>Fernandi,</span> <span class='ocrx_word' id='word_1_282' title='bbox 813 1402 846 1432; x_wconf 89' lang='lat'>&amp;</span> <span class='ocrx_word' id='word_1_283' title='bbox 862 1409 961 1430; x_wconf 91' lang='lat' dir='ltr'>eorum</span> <span class='ocrx_word' id='word_1_284' title='bbox 985 1399 1097 1437; x_wconf 87' lang='lat' dir='ltr'>Liberi,</span> <span class='ocrx_word' id='word_1_285' title='bbox 1114 1398 1230 1442; x_wconf 69' lang='lat' dir='ltr'>⁸Hosta-</span> 
     </span>
     <span class='ocr_line' id='line_1_43' title="bbox 172 1437 1229 1478; baseline -0.001 -11"><span class='ocrx_word' id='word_1_286' title='bbox 172 1439 218 1476; x_wconf 87' lang='lat' dir='ltr'>gia</span> <span class='ocrx_word' id='word_1_287' title='bbox 243 1448 309 1476; x_wconf 88' lang='lat' dir='ltr'>uper</span> <span class='ocrx_word' id='word_1_288' title='bbox 322 1438 373 1468; x_wconf 85' lang='lat' dir='ltr'>hiis</span> <span class='ocrx_word' id='word_1_289' title='bbox 406 1449 435 1469; x_wconf 90' lang='lat' dir='ltr'>er</span> <span class='ocrx_word' id='word_1_290' title='bbox 449 1439 518 1469; x_wconf 82' lang='lat' dir='ltr'>Nos</span> <span class='ocrx_word' id='word_1_291' title='bbox 530 1439 608 1478; x_wconf 90' lang='lat' dir='ltr'>data,</span> <span class='ocrx_word' id='word_1_292' title='bbox 627 1449 785 1470; x_wconf 85' lang='lat' dir='ltr'>remaneant</span> <span class='ocrx_word' id='word_1_293' title='bbox 798 1439 890 1469; x_wconf 90' lang='lat' dir='ltr'>donec</span> <span class='ocrx_word' id='word_1_294' title='bbox 903 1438 938 1468; x_wconf 88' lang='lat' dir='ltr'>de</span> <span class='ocrx_word' id='word_1_295' title='bbox 958 1437 1031 1468; x_wconf 66' lang='lat' dir='ltr'>dieta</span> <span class='ocrx_word' id='word_1_296' title='bbox 1050 1437 1120 1467; x_wconf 88' lang='lat' dir='ltr'>Auri</span> <span class='ocrx_word' id='word_1_297' title='bbox 1143 1437 1229 1468; x_wconf 86' lang='lat' dir='ltr'>Sum-</span> 
     </span>
     <span class='ocr_line' id='line_1_44' title="bbox 173 1475 1229 1517; baseline -0.001 -11"><span class='ocrx_word' id='word_1_298' title='bbox 173 1475 222 1506; x_wconf 69' lang='lat' dir='ltr'>ma</span> <span class='ocrx_word' id='word_1_299' title='bbox 237 1476 266 1507; x_wconf 83' lang='lat' dir='ltr'>lit</span> <span class='ocrx_word' id='word_1_300' title='bbox 282 1478 374 1507; x_wconf 86' lang='lat' dir='ltr'>eidem</span> <span class='ocrx_word' id='word_1_301' title='bbox 416 1478 513 1517; x_wconf 88' lang='lat' dir='ltr'>rincipi</span> <span class='ocrx_word' id='word_1_302' title='bbox 525 1478 607 1517; x_wconf 77' lang='lat' dir='ltr'>plene</span> <span class='ocrx_word' id='word_1_303' title='bbox 622 1478 775 1516; x_wconf 78' lang='lat' dir='ltr'>&amp;integre</span> <span class='ocrx_word' id='word_1_304' title='bbox 790 1476 973 1514; x_wconf 61' lang='lat' dir='ltr'>satisfactum,</span> <span class='ocrx_word' id='word_1_305' title='bbox 998 1477 1053 1506; x_wconf 69' lang='lat' dir='ltr'>una</span> <span class='ocrx_word' id='word_1_306' title='bbox 1073 1484 1142 1505; x_wconf 89' lang='lat' dir='ltr'>cum</span> <span class='ocrx_word' id='word_1_307' title='bbox 1161 1485 1229 1505; x_wconf 90' lang='lat' dir='ltr'>om-</span> 
     </span>
     <span class='ocr_line' id='line_1_45' title="bbox 170 1514 1228 1554; baseline 0 -9"><span class='ocrx_word' id='word_1_308' title='bbox 170 1515 255 1545; x_wconf 86' lang='lat' dir='ltr'>nibus</span> <span class='ocrx_word' id='word_1_309' title='bbox 267 1515 300 1545; x_wconf 89' lang='lat'>&amp;</span> <span class='ocrx_word' id='word_1_310' title='bbox 315 1516 424 1554; x_wconf 89' lang='lat' dir='ltr'>singulis</span> <span class='ocrx_word' id='word_1_311' title='bbox 440 1515 598 1554; x_wconf 88' lang='lat' dir='ltr'>Dampnis,</span> <span class='ocrx_word' id='word_1_312' title='bbox 616 1516 659 1547; x_wconf 79' lang='lat' dir='ltr'>Ex</span> <span class='ocrx_word' id='word_1_313' title='bbox 680 1517 763 1553; x_wconf 87' lang='lat' dir='ltr'>ensis,</span> <span class='ocrx_word' id='word_1_314' title='bbox 783 1517 816 1546; x_wconf 91' lang='lat'>&amp;</span> <span class='ocrx_word' id='word_1_315' title='bbox 834 1514 982 1552; x_wconf 83' lang='lat' dir='ltr'>Interesse,</span> <span class='ocrx_word' id='word_1_316' title='bbox 1001 1514 1080 1553; x_wconf 84' lang='lat' dir='ltr'>Qiae</span> <span class='ocrx_word' id='word_1_317' title='bbox 1094 1515 1127 1545; x_wconf 77' lang='grc' dir='ltr'>δε</span> <span class='ocrx_word' id='word_1_318' title='bbox 1148 1514 1228 1553; x_wconf 85' lang='lat' dir='ltr'>Qias</span> 
     </span>
     <span class='ocr_line' id='line_1_46' title="bbox 169 1552 1228 1593; baseline 0.001 -11"><span class='ocrx_word' id='word_1_319' title='bbox 169 1552 279 1583; x_wconf 64' lang='lat' dir='ltr'>dicium</span> <span class='ocrx_word' id='word_1_320' title='bbox 292 1553 453 1592; x_wconf 85' lang='lat' dir='ltr'>Principem</span> <span class='ocrx_word' id='word_1_321' title='bbox 465 1554 557 1584; x_wconf 86' lang='lat' dir='ltr'>facere</span> <span class='ocrx_word' id='word_1_322' title='bbox 571 1563 617 1584; x_wconf 92' lang='lat' dir='ltr'>aut</span> <span class='ocrx_word' id='word_1_323' title='bbox 627 1555 654 1584; x_wconf 91' lang='lat' dir='ltr'>su</span> <span class='ocrx_word' id='word_1_324' title='bbox 682 1555 757 1585; x_wconf 84' lang='lat' dir='ltr'>inere</span> <span class='ocrx_word' id='word_1_325' title='bbox 770 1554 920 1593; x_wconf 83' lang='lat' dir='ltr'>contigerit</span> <span class='ocrx_word' id='word_1_326' title='bbox 940 1554 980 1583; x_wconf 90' lang='lat' dir='ltr'>ob</span> <span class='ocrx_word' id='word_1_327' title='bbox 1001 1552 1158 1583; x_wconf 66' lang='lat' dir='ltr'>Defectum</span> <span class='ocrx_word' id='word_1_328' title='bbox 1172 1554 1228 1583; x_wconf 82' lang='lat' dir='ltr'>So-</span> 
     </span>
     <span class='ocr_line' id='line_1_47' title="bbox 169 1590 1228 1630; baseline 0 -8"><span class='ocrx_word' id='word_1_329' title='bbox 169 1591 282 1622; x_wconf 88' lang='lat' dir='ltr'>lutionis</span> <span class='ocrx_word' id='word_1_330' title='bbox 293 1592 452 1630; x_wconf 69' lang='lat' dir='ltr'>praedietae,</span> <span class='ocrx_word' id='word_1_331' title='bbox 478 1602 536 1622; x_wconf 89' lang='lat' dir='ltr'>non</span> <span class='ocrx_word' id='word_1_332' title='bbox 559 1591 642 1623; x_wconf 63' lang='lat' dir='ltr'>factae</span> <span class='ocrx_word' id='word_1_333' title='bbox 661 1592 805 1623; x_wconf 89' lang='lat' dir='ltr'>Termino</span> <span class='ocrx_word' id='word_1_334' title='bbox 824 1599 1004 1630; x_wconf 70' lang='lat' dir='ltr'>praenotato,</span> <span class='ocrx_word' id='word_1_335' title='bbox 1027 1590 1106 1629; x_wconf 91' lang='lat' dir='ltr'>super</span> <span class='ocrx_word' id='word_1_336' title='bbox 1125 1592 1228 1630; x_wconf 88' lang='lat' dir='ltr'>quibus</span> 
     </span>
     <span class='ocr_line' id='line_1_48' title="bbox 171 1628 1229 1669; baseline 0 -9"><span class='ocrx_word' id='word_1_337' title='bbox 171 1628 241 1660; x_wconf 89' lang='lat' dir='ltr'>stare</span> <span class='ocrx_word' id='word_1_338' title='bbox 255 1630 288 1661; x_wconf 87' lang='lat'>&amp;</span> <span class='ocrx_word' id='word_1_339' title='bbox 303 1629 418 1660; x_wconf 89' lang='lat' dir='ltr'>credere</span> <span class='ocrx_word' id='word_1_340' title='bbox 431 1631 622 1669; x_wconf 87' lang='lat' dir='ltr'>promittimus</span> <span class='ocrx_word' id='word_1_341' title='bbox 637 1631 756 1669; x_wconf 83' lang='lat' dir='ltr'>simplici</span> <span class='ocrx_word' id='word_1_342' title='bbox 771 1630 917 1661; x_wconf 88' lang='lat' dir='ltr'>Relationi</span> <span class='ocrx_word' id='word_1_343' title='bbox 929 1630 998 1660; x_wconf 71' lang='lat' dir='ltr'>dicti</span> <span class='ocrx_word' id='word_1_344' title='bbox 1012 1629 1229 1669; x_wconf 84' lang='lat' dir='ltr'>Principis,abs-</span> 
     </span>
     <span class='ocr_line' id='line_1_49' title="bbox 169 1667 1227 1736; baseline 0.002 -39"><span class='ocrx_word' id='word_1_345' title='bbox 169 1676 225 1711; x_wconf 79' lang='lat' dir='ltr'>que</span> <span class='ocrx_word' id='word_1_346' title='bbox 232 1668 331 1736; x_wconf 54' lang='lat' dir='ltr'>caiquua</span> <span class='ocrx_word' id='word_1_347' title='bbox 343 1668 570 1700; x_wconf 69' lang='lat' dir='ltr'>contradictione</span> <span class='ocrx_word' id='word_1_348' title='bbox 584 1679 633 1709; x_wconf 90' lang='lat' dir='ltr'>per</span> <span class='ocrx_word' id='word_1_349' title='bbox 653 1669 721 1700; x_wconf 93' lang='lat' dir='ltr'>Nos</span> <span class='ocrx_word' id='word_1_350' title='bbox 742 1669 821 1707; x_wconf 89' lang='lat' dir='ltr'>super</span> <span class='ocrx_word' id='word_1_351' title='bbox 840 1668 987 1699; x_wconf 89' lang='lat' dir='ltr'>Solutione</span> <span class='ocrx_word' id='word_1_352' title='bbox 1009 1667 1169 1706; x_wconf 84' lang='lat' dir='ltr'>hujusmodi</span> <span class='ocrx_word' id='word_1_353' title='bbox 1187 1668 1227 1700; x_wconf 84' lang='lat' dir='ltr'>fa-</span> 
     </span>
     <span class='ocr_line' id='line_1_50' title="bbox 167 1715 277 1736; baseline 0.009 -1"><span class='ocrx_word' id='word_1_354' title='bbox 167 1715 231 1736; x_wconf 91' lang='lat' dir='ltr'>cien</span> <span class='ocrx_word' id='word_1_355' title='bbox 253 1717 277 1736; x_wconf 91' lang='lat' dir='ltr'>a.</span> 
     </span>
    </p>

    <p class='ocr_par' dir='ltr' id='par_1_18' title="bbox 163 1743 1226 1969">
     <span class='ocr_line' id='line_1_51' title="bbox 205 1743 1225 1815; baseline 0.002 -41"><span class='ocrx_word' id='word_1_356' title='bbox 205 1743 259 1782; x_wconf 89' lang='lat' dir='ltr'>Et,</span> <span class='ocrx_word' id='word_1_357' title='bbox 277 1754 328 1785; x_wconf 91' lang='lat' dir='ltr'>pro</span> <span class='ocrx_word' id='word_1_358' title='bbox 342 1745 485 1783; x_wconf 82' lang='lat' dir='ltr'>praemiffis</span> <span class='ocrx_word' id='word_1_359' title='bbox 497 1747 629 1778; x_wconf 87' lang='lat' dir='ltr'>omnibus</span> <span class='ocrx_word' id='word_1_360' title='bbox 643 1747 676 1778; x_wconf 92' lang='lat'>&amp;</span> <span class='ocrx_word' id='word_1_361' title='bbox 690 1745 797 1815; x_wconf 58' lang='lat' dir='ltr'>singulis</span> <span class='ocrx_word' id='word_1_362' title='bbox 811 1755 862 1786; x_wconf 92' lang='lat' dir='ltr'>per</span> <span class='ocrx_word' id='word_1_363' title='bbox 881 1744 950 1776; x_wconf 94' lang='lat' dir='ltr'>Nos</span> <span class='ocrx_word' id='word_1_364' title='bbox 973 1744 1120 1775; x_wconf 87' lang='lat' dir='ltr'>Solvendis</span> <span class='ocrx_word' id='word_1_365' title='bbox 1137 1768 1147 1783; x_wconf 89' lang='lat'>,</span> <span class='ocrx_word' id='word_1_366' title='bbox 1165 1745 1225 1776; x_wconf 88' lang='lat' dir='ltr'>Te-</span> 
     </span>
     <span class='ocr_line' id='line_1_52' title="bbox 165 1782 1224 1824; baseline 0 -10"><span class='ocrx_word' id='word_1_367' title='bbox 165 1782 282 1822; x_wconf 87' lang='lat' dir='ltr'>nendis,</span> <span class='ocrx_word' id='word_1_368' title='bbox 302 1783 504 1824; x_wconf 88' lang='lat' dir='ltr'>Complendis,</span> <span class='ocrx_word' id='word_1_369' title='bbox 527 1787 561 1816; x_wconf 90' lang='lat'>&amp;</span> <span class='ocrx_word' id='word_1_370' title='bbox 581 1785 700 1816; x_wconf 84' lang='lat' dir='ltr'>firmiter</span> <span class='ocrx_word' id='word_1_371' title='bbox 756 1784 928 1822; x_wconf 87' lang='lat' dir='ltr'>bservandis,</span> <span class='ocrx_word' id='word_1_372' title='bbox 958 1784 1115 1821; x_wconf 81' lang='lat' dir='ltr'>obligamus</span> <span class='ocrx_word' id='word_1_373' title='bbox 1129 1783 1195 1814; x_wconf 83' lang='lat' dir='ltr'>Nos</span> <span class='ocrx_word' id='word_1_374' title='bbox 1214 1807 1224 1822; x_wconf 92' lang='lat'>,</span> 
     </span>
     <span class='ocr_line' id='line_1_53' title="bbox 165 1819 1226 1862; baseline 0.001 -11"><span class='ocrx_word' id='word_1_375' title='bbox 165 1819 317 1860; x_wconf 65' lang='lat' dir='ltr'>Haeredes,</span> <span class='ocrx_word' id='word_1_376' title='bbox 336 1823 369 1854; x_wconf 91' lang='lat'>&amp;</span> <span class='ocrx_word' id='word_1_377' title='bbox 383 1823 561 1854; x_wconf 86' lang='lat' dir='ltr'>Succeffores</span> <span class='ocrx_word' id='word_1_378' title='bbox 575 1823 686 1855; x_wconf 91' lang='lat' dir='ltr'>nostros</span> <span class='ocrx_word' id='word_1_379' title='bbox 697 1823 833 1861; x_wconf 66' lang='lat' dir='ltr'>praedicta</span> <span class='ocrx_word' id='word_1_380' title='bbox 847 1821 950 1862; x_wconf 87' lang='lat' dir='ltr'>Regna</span> <span class='ocrx_word' id='word_1_381' title='bbox 964 1822 1058 1852; x_wconf 89' lang='lat' dir='ltr'>nostra</span> <span class='ocrx_word' id='word_1_382' title='bbox 1067 1846 1075 1859; x_wconf 90' lang='lat'>,</span> <span class='ocrx_word' id='word_1_383' title='bbox 1084 1823 1226 1853; x_wconf 88' lang='lat' dir='ltr'>&amp;omnes</span> 
     </span>
     <span class='ocr_line' id='line_1_54' title="bbox 163 1859 1224 1901; baseline 0.002 -12"><span class='ocrx_word' id='word_1_384' title='bbox 163 1859 227 1890; x_wconf 79' lang='lat' dir='ltr'>alias</span> <span class='ocrx_word' id='word_1_385' title='bbox 241 1860 343 1891; x_wconf 88' lang='lat' dir='ltr'>Terras</span> <span class='ocrx_word' id='word_1_386' title='bbox 355 1861 477 1900; x_wconf 91' lang='lat' dir='ltr'>nostras,</span> <span class='ocrx_word' id='word_1_387' title='bbox 495 1871 527 1893; x_wconf 92' lang='lat' dir='ltr'>ac</span> <span class='ocrx_word' id='word_1_388' title='bbox 543 1863 639 1893; x_wconf 88' lang='lat' dir='ltr'>omnia</span> <span class='ocrx_word' id='word_1_389' title='bbox 655 1864 688 1894; x_wconf 93' lang='lat'>&amp;</span> <span class='ocrx_word' id='word_1_390' title='bbox 701 1861 803 1901; x_wconf 86' lang='lat' dir='ltr'>singula</span> <span class='ocrx_word' id='word_1_391' title='bbox 818 1861 896 1891; x_wconf 90' lang='lat' dir='ltr'>Bona</span> <span class='ocrx_word' id='word_1_392' title='bbox 909 1859 1019 1898; x_wconf 88' lang='lat' dir='ltr'>nostra,</span> <span class='ocrx_word' id='word_1_393' title='bbox 1047 1860 1169 1890; x_wconf 89' lang='lat' dir='ltr'>Mobilia</span> <span class='ocrx_word' id='word_1_394' title='bbox 1190 1861 1224 1891; x_wconf 89' lang='lat'>&amp;</span> 
     </span>
     <span class='ocr_line' id='line_1_55' title="bbox 165 1897 1222 1939; baseline 0.002 -12"><span class='ocrx_word' id='word_1_395' title='bbox 165 1897 345 1937; x_wconf 85' lang='lat' dir='ltr'>Immobilia,</span> <span class='ocrx_word' id='word_1_396' title='bbox 364 1899 510 1931; x_wconf 62' lang='lat' dir='ltr'>Praestntia</span> <span class='ocrx_word' id='word_1_397' title='bbox 524 1901 558 1931; x_wconf 90' lang='lat'>&amp;</span> <span class='ocrx_word' id='word_1_398' title='bbox 572 1900 673 1933; x_wconf 86' lang='lat' dir='ltr'>Futura</span> <span class='ocrx_word' id='word_1_399' title='bbox 684 1924 693 1939; x_wconf 93' lang='lat'>,</span> <span class='ocrx_word' id='word_1_400' title='bbox 716 1901 892 1938; x_wconf 89' lang='lat' dir='ltr'>ubicumque</span> <span class='ocrx_word' id='word_1_401' title='bbox 908 1899 959 1930; x_wconf 87' lang='lat' dir='ltr'>sint</span> <span class='ocrx_word' id='word_1_402' title='bbox 983 1901 1016 1931; x_wconf 68' lang='grc' dir='ltr'>ὃς</span> <span class='ocrx_word' id='word_1_403' title='bbox 1037 1909 1222 1939; x_wconf 86' lang='lat' dir='ltr'>quocumque</span> 
     </span>
     <span class='ocr_line' id='line_1_56' title="bbox 164 1937 470 1969; baseline 0.01 -3"><span class='ocrx_word' id='word_1_404' title='bbox 164 1937 283 1967; x_wconf 90' lang='lat' dir='ltr'>nomine</span> <span class='ocrx_word' id='word_1_405' title='bbox 298 1937 470 1969; x_wconf 89' lang='lat' dir='ltr'>censeantur.</span> 
     </span>
    </p>

    <p class='ocr_par' dir='ltr' id='par_1_19' title="bbox 162 1974 1226 2131">
     <span class='ocr_line' id='line_1_57' title="bbox 198 1974 1223 2016; baseline 0.002 -12"><span class='ocrx_word' id='word_1_406' title='bbox 198 1974 399 2015; x_wconf 83' lang='lat' dir='ltr'>Juramusque,</span> <span class='ocrx_word' id='word_1_407' title='bbox 417 1977 450 2007; x_wconf 91' lang='lat' dir='ltr'>ad</span> <span class='ocrx_word' id='word_1_408' title='bbox 464 1976 567 2008; x_wconf 71' lang='lat' dir='ltr'>Santf’ta</span> <span class='ocrx_word' id='word_1_409' title='bbox 580 1977 637 2008; x_wconf 92' lang='lat' dir='ltr'>Dei</span> <span class='ocrx_word' id='word_1_410' title='bbox 652 1975 828 2016; x_wconf 87' lang='lat' dir='ltr'>Ewangelia,</span> <span class='ocrx_word' id='word_1_411' title='bbox 847 1986 884 2006; x_wconf 92' lang='lat' dir='ltr'>co</span> <span class='ocrx_word' id='word_1_412' title='bbox 919 1976 1027 2007; x_wconf 88' lang='lat' dir='ltr'>oraliter</span> <span class='ocrx_word' id='word_1_413' title='bbox 1041 1986 1090 2014; x_wconf 84' lang='lat' dir='ltr'>per</span> <span class='ocrx_word' id='word_1_414' title='bbox 1104 1985 1157 2006; x_wconf 94' lang='lat' dir='ltr'>nos</span> <span class='ocrx_word' id='word_1_415' title='bbox 1179 1983 1223 2006; x_wconf 87' lang='lat' dir='ltr'>ta-</span> 
     </span>
     <span class='ocr_line' id='line_1_58' title="bbox 162 2013 1224 2054; baseline 0.001 -11"><span class='ocrx_word' id='word_1_416' title='bbox 162 2013 228 2051; x_wconf 65' lang='lat' dir='ltr'>eta,</span> <span class='ocrx_word' id='word_1_417' title='bbox 246 2015 279 2045; x_wconf 91' lang='lat'>&amp;</span> <span class='ocrx_word' id='word_1_418' title='bbox 295 2017 485 2052; x_wconf 86' lang='lat' dir='ltr'>promittimus</span> <span class='ocrx_word' id='word_1_419' title='bbox 498 2015 574 2046; x_wconf 64' lang='lat' dir='ltr'>bona.</span> <span class='ocrx_word' id='word_1_420' title='bbox 590 2015 661 2054; x_wconf 91' lang='lat' dir='ltr'>fide,</span> <span class='ocrx_word' id='word_1_421' title='bbox 680 2015 713 2045; x_wconf 90' lang='lat'>&amp;</span> <span class='ocrx_word' id='word_1_422' title='bbox 734 2017 763 2045; x_wconf 93' lang='lat' dir='ltr'>in</span> <span class='ocrx_word' id='word_1_423' title='bbox 786 2015 875 2045; x_wconf 88' lang='lat' dir='ltr'>verbo</span> <span class='ocrx_word' id='word_1_424' title='bbox 927 2016 1010 2054; x_wconf 84' lang='lat' dir='ltr'>egio,</span> <span class='ocrx_word' id='word_1_425' title='bbox 1035 2021 1136 2045; x_wconf 88' lang='lat' dir='ltr'>contra</span> <span class='ocrx_word' id='word_1_426' title='bbox 1153 2023 1224 2053; x_wconf 83' lang='lat' dir='ltr'>prae-</span> 
     </span>
     <span class='ocr_line' id='line_1_59' title="bbox 164 2050 1226 2093; baseline 0.003 -13"><span class='ocrx_word' id='word_1_427' title='bbox 164 2050 262 2090; x_wconf 82' lang='lat' dir='ltr'>miffa,</span> <span class='ocrx_word' id='word_1_428' title='bbox 276 2053 321 2083; x_wconf 92' lang='lat' dir='ltr'>vel</span> <span class='ocrx_word' id='word_1_429' title='bbox 337 2053 426 2092; x_wconf 87' lang='lat' dir='ltr'>aliqua</span> <span class='ocrx_word' id='word_1_430' title='bbox 441 2054 631 2092; x_wconf 84' lang='lat' dir='ltr'>eorumdum,</span> <span class='ocrx_word' id='word_1_431' title='bbox 648 2063 698 2093; x_wconf 91' lang='lat' dir='ltr'>per</span> <span class='ocrx_word' id='word_1_432' title='bbox 712 2063 781 2091; x_wconf 89' lang='lat' dir='ltr'>nos,</span> <span class='ocrx_word' id='word_1_433' title='bbox 799 2053 843 2084; x_wconf 92' lang='lat' dir='ltr'>vel</span> <span class='ocrx_word' id='word_1_434' title='bbox 860 2053 959 2092; x_wconf 89' lang='lat' dir='ltr'>alium,</span> <span class='ocrx_word' id='word_1_435' title='bbox 979 2053 1024 2084; x_wconf 90' lang='lat' dir='ltr'>seu</span> <span class='ocrx_word' id='word_1_436' title='bbox 1039 2053 1124 2091; x_wconf 88' lang='lat' dir='ltr'>alios,</span> <span class='ocrx_word' id='word_1_437' title='bbox 1141 2054 1226 2083; x_wconf 78' lang='lat' dir='ltr'>tacite</span> 
     </span>
     <span class='ocr_line' id='line_1_60' title="bbox 162 2090 964 2131; baseline 0.002 -12"><span class='ocrx_word' id='word_1_438' title='bbox 162 2090 209 2120; x_wconf 92' lang='lat' dir='ltr'>vel</span> <span class='ocrx_word' id='word_1_439' title='bbox 222 2091 346 2128; x_wconf 79' lang='lat' dir='ltr'>expresse</span> <span class='ocrx_word' id='word_1_440' title='bbox 358 2115 368 2130; x_wconf 95' lang='lat'>,</span> <span class='ocrx_word' id='word_1_441' title='bbox 385 2102 503 2131; x_wconf 91' lang='lat' dir='ltr'>quoquo</span> <span class='ocrx_word' id='word_1_442' title='bbox 519 2092 609 2123; x_wconf 92' lang='lat' dir='ltr'>modo</span> <span class='ocrx_word' id='word_1_443' title='bbox 623 2098 684 2123; x_wconf 82' lang='lat' dir='ltr'>non</span> <span class='ocrx_word' id='word_1_444' title='bbox 697 2091 788 2122; x_wconf 86' lang='lat' dir='ltr'>facere</span> <span class='ocrx_word' id='word_1_445' title='bbox 800 2092 844 2122; x_wconf 93' lang='lat' dir='ltr'>vel</span> <span class='ocrx_word' id='word_1_446' title='bbox 859 2093 964 2122; x_wconf 90' lang='lat' dir='ltr'>venire.</span> 
     </span>
    </p>

    <p class='ocr_par' dir='ltr' id='par_1_20' title="bbox 160 2128 1226 2401">
     <span class='ocr_line' id='line_1_61' title="bbox 200 2128 1225 2169; baseline 0.002 -11"><span class='ocrx_word' id='word_1_447' title='bbox 200 2128 395 2167; x_wconf 81' lang='lat' dir='ltr'>supponentes</span> <span class='ocrx_word' id='word_1_448' title='bbox 409 2132 442 2161; x_wconf 88' lang='lat'>&amp;</span> <span class='ocrx_word' id='word_1_449' title='bbox 455 2131 673 2168; x_wconf 85' lang='lat' dir='ltr'>Submittentes‚</span> <span class='ocrx_word' id='word_1_450' title='bbox 699 2138 751 2169; x_wconf 85' lang='lat' dir='ltr'>pro</span> <span class='ocrx_word' id='word_1_451' title='bbox 771 2129 917 2169; x_wconf 84' lang='lat' dir='ltr'>praemissis</span> <span class='ocrx_word' id='word_1_452' title='bbox 939 2130 1066 2160; x_wconf 89' lang='lat' dir='ltr'>tenendis</span> <span class='ocrx_word' id='word_1_453' title='bbox 1086 2130 1119 2160; x_wconf 90' lang='lat'>&amp;</span> <span class='ocrx_word' id='word_1_454' title='bbox 1141 2139 1225 2160; x_wconf 92' lang='lat' dir='ltr'>com-</span> 
     </span>
     <span class='ocr_line' id='line_1_62' title="bbox 161 2165 1225 2207; baseline 0.002 -11"><span class='ocrx_word' id='word_1_455' title='bbox 161 2165 286 2206; x_wconf 87' lang='lat' dir='ltr'>plendis,</span> <span class='ocrx_word' id='word_1_456' title='bbox 304 2167 477 2207; x_wconf 89' lang='lat' dir='ltr'>Nosipsum,</span> <span class='ocrx_word' id='word_1_457' title='bbox 494 2168 645 2206; x_wconf 84' lang='lat' dir='ltr'>Haeredes,</span> <span class='ocrx_word' id='word_1_458' title='bbox 664 2169 698 2199; x_wconf 66' lang='grc' dir='ltr'>ὃς</span> <span class='ocrx_word' id='word_1_459' title='bbox 713 2168 891 2199; x_wconf 81' lang='lat' dir='ltr'>Succeffores</span> <span class='ocrx_word' id='word_1_460' title='bbox 905 2168 1034 2205; x_wconf 86' lang='lat' dir='ltr'>nostros,</span> <span class='ocrx_word' id='word_1_461' title='bbox 1052 2167 1156 2207; x_wconf 88' lang='lat' dir='ltr'>Regna</span> <span class='ocrx_word' id='word_1_462' title='bbox 1171 2178 1225 2198; x_wconf 86' lang='lat' dir='ltr'>no-</span> 
     </span>
     <span class='ocr_line' id='line_1_63' title="bbox 162 2204 1225 2245; baseline 0.002 -11"><span class='ocrx_word' id='word_1_463' title='bbox 162 2204 216 2234; x_wconf 87' lang='lat' dir='ltr'>stra</span> <span class='ocrx_word' id='word_1_464' title='bbox 231 2206 377 2245; x_wconf 66' lang='lat' dir='ltr'>praedicta,</span> <span class='ocrx_word' id='word_1_465' title='bbox 394 2208 427 2237; x_wconf 90' lang='lat'>&amp;</span> <span class='ocrx_word' id='word_1_466' title='bbox 442 2217 542 2237; x_wconf 89' lang='lat' dir='ltr'>omnes</span> <span class='ocrx_word' id='word_1_467' title='bbox 554 2207 617 2237; x_wconf 84' lang='lat' dir='ltr'>alias</span> <span class='ocrx_word' id='word_1_468' title='bbox 631 2206 733 2237; x_wconf 89' lang='lat' dir='ltr'>Terras</span> <span class='ocrx_word' id='word_1_469' title='bbox 746 2207 869 2245; x_wconf 79' lang='lat' dir='ltr'>nostraS,</span> <span class='ocrx_word' id='word_1_470' title='bbox 892 2216 926 2237; x_wconf 87' lang='lat' dir='ltr'>ac</span> <span class='ocrx_word' id='word_1_471' title='bbox 947 2208 1045 2237; x_wconf 90' lang='lat' dir='ltr'>omnia</span> <span class='ocrx_word' id='word_1_472' title='bbox 1070 2207 1103 2237; x_wconf 70' lang='grc' dir='ltr'>ὃ(</span> <span class='ocrx_word' id='word_1_473' title='bbox 1122 2207 1225 2245; x_wconf 78' lang='lat' dir='ltr'>lingula</span> 
     </span>
     <span class='ocr_line' id='line_1_64' title="bbox 162 2242 1221 2283; baseline 0.001 -9"><span class='ocrx_word' id='word_1_474' title='bbox 162 2242 240 2274; x_wconf 90' lang='lat' dir='ltr'>Bona</span> <span class='ocrx_word' id='word_1_475' title='bbox 254 2244 366 2283; x_wconf 85' lang='lat' dir='ltr'>nostra,</span> <span class='ocrx_word' id='word_1_476' title='bbox 384 2245 506 2276; x_wconf 88' lang='lat' dir='ltr'>Mobilia</span> <span class='ocrx_word' id='word_1_477' title='bbox 522 2247 555 2277; x_wconf 90' lang='lat'>&amp;</span> <span class='ocrx_word' id='word_1_478' title='bbox 572 2245 721 2276; x_wconf 82' lang='lat' dir='ltr'>inmobilia</span> <span class='ocrx_word' id='word_1_479' title='bbox 736 2268 745 2283; x_wconf 89' lang='lat'>,</span> <span class='ocrx_word' id='word_1_480' title='bbox 765 2245 912 2275; x_wconf 80' lang='lat' dir='ltr'>Praesentia</span> <span class='ocrx_word' id='word_1_481' title='bbox 927 2245 960 2276; x_wconf 61' lang='grc' dir='ltr'>ὃς</span> <span class='ocrx_word' id='word_1_482' title='bbox 975 2244 1078 2275; x_wconf 88' lang='lat' dir='ltr'>Futura</span> <span class='ocrx_word' id='word_1_483' title='bbox 1091 2267 1100 2283; x_wconf 84' lang='lat'>,</span> <span class='ocrx_word' id='word_1_484' title='bbox 1114 2244 1221 2283; x_wconf 90' lang='lat' dir='ltr'>Juridi-</span> 
     </span>
     <span class='ocr_line' id='line_1_65' title="bbox 162 2282 1222 2322; baseline 0.002 -11"><span class='ocrx_word' id='word_1_485' title='bbox 162 2282 270 2320; x_wconf 68' lang='lat' dir='ltr'>ditoni,</span> <span class='ocrx_word' id='word_1_486' title='bbox 288 2282 483 2321; x_wconf 88' lang='lat' dir='ltr'>Cohibitioni‚</span> <span class='ocrx_word' id='word_1_487' title='bbox 501 2285 534 2315; x_wconf 70' lang='grc' dir='ltr'>ὃ(</span> <span class='ocrx_word' id='word_1_488' title='bbox 549 2283 747 2322; x_wconf 86' lang='lat' dir='ltr'>Compulsioni</span> <span class='ocrx_word' id='word_1_489' title='bbox 764 2283 860 2314; x_wconf 83' lang='lat' dir='ltr'>Curiae</span> <span class='ocrx_word' id='word_1_490' title='bbox 874 2282 1004 2314; x_wconf 80' lang='lat' dir='ltr'>Camerae</span> <span class='ocrx_word' id='word_1_491' title='bbox 1021 2283 1145 2313; x_wconf 90' lang='lat' dir='ltr'>Domini</span> <span class='ocrx_word' id='word_1_492' title='bbox 1167 2293 1222 2313; x_wconf 90' lang='lat' dir='ltr'>no-</span> 
     </span>
     <span class='ocr_line' id='line_1_66' title="bbox 162 2319 1226 2361; baseline 0.003 -12"><span class='ocrx_word' id='word_1_493' title='bbox 162 2319 212 2350; x_wconf 88' lang='lat' dir='ltr'>stri</span> <span class='ocrx_word' id='word_1_494' title='bbox 224 2320 326 2359; x_wconf 87' lang='lat' dir='ltr'>Papae,</span> <span class='ocrx_word' id='word_1_495' title='bbox 344 2322 377 2352; x_wconf 91' lang='lat'>&amp;</span> <span class='ocrx_word' id='word_1_496' title='bbox 392 2323 449 2360; x_wconf 88' lang='lat' dir='ltr'>ejus</span> <span class='ocrx_word' id='word_1_497' title='bbox 465 2322 635 2361; x_wconf 88' lang='lat' dir='ltr'>Camerarii,</span> <span class='ocrx_word' id='word_1_498' title='bbox 654 2322 815 2360; x_wconf 65' lang='lat' dir='ltr'>Audimus,</span> <span class='ocrx_word' id='word_1_499' title='bbox 834 2323 1057 2360; x_wconf 86' lang='lat' dir='ltr'>Viceauditoris,</span> <span class='ocrx_word' id='word_1_500' title='bbox 1077 2320 1226 2352; x_wconf 89' lang='lat' dir='ltr'>Commis-</span> 
     </span>
     <span class='ocr_line' id='line_1_67' title="bbox 160 2357 695 2401; baseline 0.006 -13"><span class='ocrx_word' id='word_1_501' title='bbox 160 2357 238 2397; x_wconf 88' lang='lat' dir='ltr'>sarii,</span> <span class='ocrx_word' id='word_1_502' title='bbox 257 2361 290 2390; x_wconf 71' lang='grc' dir='ltr'>ὃς</span> <span class='ocrx_word' id='word_1_503' title='bbox 305 2360 542 2392; x_wconf 87' lang='lat' dir='ltr'>Locatenentium</span> <span class='ocrx_word' id='word_1_504' title='bbox 558 2362 695 2401; x_wconf 88' lang='lat' dir='ltr'>ipsorum·</span> 
     </span>
    </p>

    <p class='ocr_par' dir='ltr' id='par_1_21' title="bbox 163 2385 1224 2860">
     <span class='ocr_line' id='line_1_68' title="bbox 200 2385 1224 2438; baseline 0.002 -11"><span class='ocrx_word' id='word_1_505' title='bbox 200 2396 332 2428; x_wconf 88' lang='lat' dir='ltr'>Volentes</span> <span class='ocrx_word' id='word_1_506' title='bbox 347 2400 380 2429; x_wconf 89' lang='lat'>&amp;</span> <span class='ocrx_word' id='word_1_507' title='bbox 396 2400 599 2430; x_wconf 87' lang='lat' dir='ltr'>consentientes</span> <span class='ocrx_word' id='word_1_508' title='bbox 610 2409 660 2438; x_wconf 89' lang='lat' dir='ltr'>per</span> <span class='ocrx_word' id='word_1_509' title='bbox 680 2385 774 2430; x_wconf 70' lang='grc' dir='ltr'>Ᾰίέὶοε</span> <span class='ocrx_word' id='word_1_510' title='bbox 793 2398 1002 2430; x_wconf 84' lang='lat' dir='ltr'>Ecclefiasticos</span> <span class='ocrx_word' id='word_1_511' title='bbox 1018 2398 1134 2436; x_wconf 91' lang='lat' dir='ltr'>Judices</span> <span class='ocrx_word' id='word_1_512' title='bbox 1149 2421 1159 2437; x_wconf 91' lang='lat'>,</span> <span class='ocrx_word' id='word_1_513' title='bbox 1178 2398 1224 2429; x_wconf 88' lang='lat' dir='ltr'>vel</span> 
     </span>
     <span class='ocr_line' id='line_1_69' title="bbox 163 2436 1223 2481; baseline 0.002 -17"><span class='ocrx_word' id='word_1_514' title='bbox 163 2444 263 2466; x_wconf 89' lang='lat' dir='ltr'>eorum</span> <span class='ocrx_word' id='word_1_515' title='bbox 280 2437 500 2475; x_wconf 84' lang='lat' dir='ltr'>Locatenentes‚</span> <span class='ocrx_word' id='word_1_516' title='bbox 518 2438 563 2468; x_wconf 87' lang='lat' dir='ltr'>seu</span> <span class='ocrx_word' id='word_1_517' title='bbox 576 2448 676 2469; x_wconf 88' lang='lat' dir='ltr'>eorum</span> <span class='ocrx_word' id='word_1_518' title='bbox 691 2438 811 2476; x_wconf 89' lang='lat' dir='ltr'>aliquem</span> <span class='ocrx_word' id='word_1_519' title='bbox 824 2460 833 2476; x_wconf 90' lang='lat'>,</span> <span class='ocrx_word' id='word_1_520' title='bbox 860 2439 925 2476; x_wconf 87' lang='lat' dir='ltr'>cogi</span> <span class='ocrx_word' id='word_1_521' title='bbox 948 2438 980 2467; x_wconf 87' lang='lat'>&amp;</span> <span class='ocrx_word' id='word_1_522' title='bbox 1002 2437 1162 2481; x_wconf 81' lang='lat' dir='ltr'>compelli,</span> <span class='ocrx_word' id='word_1_523' title='bbox 1176 2436 1223 2467; x_wconf 89' lang='lat' dir='ltr'>·ad</span> 
     </span>
     <span class='ocr_line' id='line_1_70' title="bbox 163 2472 1223 2515; baseline 0.002 -12"><span class='ocrx_word' id='word_1_524' title='bbox 163 2472 343 2506; x_wconf 87' lang='lat' dir='ltr'>Solutionem</span> <span class='ocrx_word' id='word_1_525' title='bbox 357 2485 407 2513; x_wconf 88' lang='lat' dir='ltr'>per</span> <span class='ocrx_word' id='word_1_526' title='bbox 421 2485 473 2506; x_wconf 89' lang='lat' dir='ltr'>nos</span> <span class='ocrx_word' id='word_1_527' title='bbox 485 2477 643 2515; x_wconf 87' lang='lat' dir='ltr'>hujusmodi</span> <span class='ocrx_word' id='word_1_528' title='bbox 656 2476 813 2507; x_wconf 88' lang='lat' dir='ltr'>faciendam</span> <span class='ocrx_word' id='word_1_529' title='bbox 822 2500 832 2515; x_wconf 92' lang='lat'>,</span> <span class='ocrx_word' id='word_1_530' title='bbox 850 2476 998 2506; x_wconf 89' lang='lat' dir='ltr'>Sententiis</span> <span class='ocrx_word' id='word_1_531' title='bbox 1011 2475 1223 2505; x_wconf 70' lang='lat' dir='ltr'>hxcommuni-</span> 
     </span>
     <span class='ocr_line' id='line_1_71' title="bbox 165 2513 1224 2553; baseline 0.001 -11"><span class='ocrx_word' id='word_1_532' title='bbox 165 2514 329 2552; x_wconf 90' lang='lat' dir='ltr'>cationum,</span> <span class='ocrx_word' id='word_1_533' title='bbox 347 2515 590 2553; x_wconf 88' lang='lat' dir='ltr'>Agravationum,</span> <span class='ocrx_word' id='word_1_534' title='bbox 609 2516 642 2546; x_wconf 66' lang='grc' dir='ltr'>ὃς</span> <span class='ocrx_word' id='word_1_535' title='bbox 657 2515 824 2552; x_wconf 70' lang='lat' dir='ltr'>Interdiffl3</span> <span class='ocrx_word' id='word_1_536' title='bbox 844 2515 882 2545; x_wconf 91' lang='lat' dir='ltr'>ita</span> <span class='ocrx_word' id='word_1_537' title='bbox 903 2514 1002 2553; x_wconf 79' lang='lat' dir='ltr'>quod,</span> <span class='ocrx_word' id='word_1_538' title='bbox 1023 2513 1099 2544; x_wconf 67' lang='lat' dir='ltr'>nulla</span> <span class='ocrx_word' id='word_1_539' title='bbox 1120 2513 1224 2544; x_wconf 87' lang='lat' dir='ltr'>Moni-</span> 
     </span>
     <span class='ocr_line' id='line_1_72' title="bbox 165 2550 1222 2593; baseline 0.001 -13"><span class='ocrx_word' id='word_1_540' title='bbox 165 2550 243 2582; x_wconf 89' lang='lat' dir='ltr'>tione</span> <span class='ocrx_word' id='word_1_541' title='bbox 257 2551 409 2583; x_wconf 68' lang='lat' dir='ltr'>Canonica</span> <span class='ocrx_word' id='word_1_542' title='bbox 423 2553 469 2583; x_wconf 92' lang='lat' dir='ltr'>vel</span> <span class='ocrx_word' id='word_1_543' title='bbox 481 2553 533 2583; x_wconf 67' lang='lat' dir='ltr'>alia</span> <span class='ocrx_word' id='word_1_544' title='bbox 546 2553 702 2592; x_wconf 73' lang='lat' dir='ltr'>praemissa,</span> <span class='ocrx_word' id='word_1_545' title='bbox 721 2554 842 2593; x_wconf 85' lang='lat' dir='ltr'>praefati,</span> <span class='ocrx_word' id='word_1_546' title='bbox 868 2552 1062 2589; x_wconf 78' lang='lat' dir='ltr'>Camerarius,</span> <span class='ocrx_word' id='word_1_547' title='bbox 1082 2552 1222 2590; x_wconf 87' lang='lat' dir='ltr'>Auditor,</span> 
     </span>
     <span class='ocr_line' id='line_1_73' title="bbox 165 2588 1222 2630; baseline 0.001 -11"><span class='ocrx_word' id='word_1_548' title='bbox 165 2588 364 2629; x_wconf 88' lang='lat' dir='ltr'>Viceauditor,</span> <span class='ocrx_word' id='word_1_549' title='bbox 383 2591 618 2630; x_wconf 75' lang='lat' dir='ltr'>CommisiariiiS,</span> <span class='ocrx_word' id='word_1_550' title='bbox 637 2594 669 2624; x_wconf 92' lang='lat'>&amp;</span> <span class='ocrx_word' id='word_1_551' title='bbox 687 2592 909 2630; x_wconf 83' lang='lat' dir='ltr'>Locatenentes,</span> <span class='ocrx_word' id='word_1_552' title='bbox 929 2592 962 2621; x_wconf 93' lang='lat'>&amp;</span> <span class='ocrx_word' id='word_1_553' title='bbox 978 2601 1078 2622; x_wconf 89' lang='lat' dir='ltr'>eorum</span> <span class='ocrx_word' id='word_1_554' title='bbox 1093 2591 1222 2629; x_wconf 85' lang='lat' dir='ltr'>quilibet,</span> 
     </span>
     <span class='ocr_line' id='line_1_74' title="bbox 164 2629 1223 2670; baseline -0.001 -9"><span class='ocrx_word' id='word_1_555' title='bbox 164 2630 286 2670; x_wconf 80' lang='lat' dir='ltr'>possint,</span> <span class='ocrx_word' id='word_1_556' title='bbox 305 2631 338 2660; x_wconf 86' lang='lat'>&amp;</span> <span class='ocrx_word' id='word_1_557' title='bbox 352 2629 452 2668; x_wconf 86' lang='lat' dir='ltr'>poffit,</span> <span class='ocrx_word' id='word_1_558' title='bbox 468 2630 542 2668; x_wconf 89' lang='lat' dir='ltr'>lapso</span> <span class='ocrx_word' id='word_1_559' title='bbox 557 2630 637 2661; x_wconf 69' lang='lat' dir='ltr'>dieto</span> <span class='ocrx_word' id='word_1_560' title='bbox 651 2630 811 2668; x_wconf 83' lang='lat' dir='ltr'>Termino,</span> <span class='ocrx_word' id='word_1_561' title='bbox 835 2639 920 2668; x_wconf 89' lang='lat' dir='ltr'>quem</span> <span class='ocrx_word' id='word_1_562' title='bbox 942 2638 995 2667; x_wconf 89' lang='lat' dir='ltr'>pro</span> <span class='ocrx_word' id='word_1_563' title='bbox 1015 2629 1223 2668; x_wconf 67' lang='lat' dir='ltr'>perhemptoria.</span> 
     </span>
     <span class='ocr_line' id='line_1_75' title="bbox 164 2667 1222 2708; baseline -0.002 -9"><span class='ocrx_word' id='word_1_564' title='bbox 164 2667 303 2699; x_wconf 74' lang='lat' dir='ltr'>canonica</span> <span class='ocrx_word' id='word_1_565' title='bbox 318 2667 486 2699; x_wconf 88' lang='lat' dir='ltr'>Monitione</span> <span class='ocrx_word' id='word_1_566' title='bbox 503 2669 613 2708; x_wconf 87' lang='lat' dir='ltr'>speciali</span> <span class='ocrx_word' id='word_1_567' title='bbox 627 2669 721 2700; x_wconf 83' lang='lat' dir='ltr'>haberi</span> <span class='ocrx_word' id='word_1_568' title='bbox 735 2669 868 2700; x_wconf 89' lang='lat' dir='ltr'>volumus</span> <span class='ocrx_word' id='word_1_569' title='bbox 884 2669 917 2699; x_wconf 85' lang='lat'>&amp;</span> <span class='ocrx_word' id='word_1_570' title='bbox 931 2668 1084 2705; x_wconf 90' lang='lat' dir='ltr'>habemus,</span> <span class='ocrx_word' id='word_1_571' title='bbox 1102 2668 1132 2697; x_wconf 92' lang='lat' dir='ltr'>in</span> <span class='ocrx_word' id='word_1_572' title='bbox 1153 2667 1222 2697; x_wconf 89' lang='lat' dir='ltr'>Nos</span> 
     </span>
     <span class='ocr_line' id='line_1_76' title="bbox 164 2705 1224 2746; baseline -0.003 -9"><span class='ocrx_word' id='word_1_573' title='bbox 164 2706 510 2737; x_wconf 83' lang='lat' dir='ltr'>Excommunicationum</span> <span class='ocrx_word' id='word_1_574' title='bbox 524 2708 556 2738; x_wconf 90' lang='lat'>&amp;</span> <span class='ocrx_word' id='word_1_575' title='bbox 573 2708 812 2746; x_wconf 85' lang='lat' dir='ltr'>Agravationum,</span> <span class='ocrx_word' id='word_1_576' title='bbox 833 2707 866 2737; x_wconf 88' lang='lat'>&amp;</span> <span class='ocrx_word' id='word_1_577' title='bbox 895 2707 971 2736; x_wconf 68' lang='lat' dir='ltr'>dieta</span> <span class='ocrx_word' id='word_1_578' title='bbox 990 2706 1092 2745; x_wconf 89' lang='lat' dir='ltr'>Regna</span> <span class='ocrx_word' id='word_1_579' title='bbox 1113 2705 1224 2743; x_wconf 87' lang='lat' dir='ltr'>nostra,</span> 
     </span>
     <span class='ocr_line' id='line_1_77' title="bbox 164 2742 1224 2783; baseline -0.001 -8"><span class='ocrx_word' id='word_1_580' title='bbox 164 2744 307 2775; x_wconf 69' lang='lat' dir='ltr'>Interdicti</span> <span class='ocrx_word' id='word_1_581' title='bbox 322 2744 492 2783; x_wconf 85' lang='lat' dir='ltr'>Sententias,</span> <span class='ocrx_word' id='word_1_582' title='bbox 510 2745 530 2775; x_wconf 87' lang='lat' dir='ltr'>fi</span> <span class='ocrx_word' id='word_1_583' title='bbox 543 2745 722 2782; x_wconf 82' lang='lat' dir='ltr'>deficiamus,</span> <span class='ocrx_word' id='word_1_584' title='bbox 747 2747 775 2775; x_wconf 92' lang='lat' dir='ltr'>in</span> <span class='ocrx_word' id='word_1_585' title='bbox 796 2746 876 2776; x_wconf 66' lang='lat' dir='ltr'>dicto</span> <span class='ocrx_word' id='word_1_586' title='bbox 893 2745 1038 2775; x_wconf 87' lang='lat' dir='ltr'>Termino</span> <span class='ocrx_word' id='word_1_587' title='bbox 1057 2767 1066 2781; x_wconf 87' lang='lat'>,</span> <span class='ocrx_word' id='word_1_588' title='bbox 1091 2742 1127 2773; x_wconf 92' lang='lat' dir='ltr'>de</span> <span class='ocrx_word' id='word_1_589' title='bbox 1147 2743 1224 2774; x_wconf 67' lang='lat' dir='ltr'>dieta</span> 
     </span>
     <span class='ocr_line' id='line_1_78' title="bbox 165 2781 1220 2823; baseline -0.003 -9"><span class='ocrx_word' id='word_1_590' title='bbox 165 2783 236 2814; x_wconf 87' lang='lat' dir='ltr'>Auri</span> <span class='ocrx_word' id='word_1_591' title='bbox 251 2781 387 2818; x_wconf 85' lang='lat' dir='ltr'>Summa,</span> <span class='ocrx_word' id='word_1_592' title='bbox 407 2783 523 2820; x_wconf 78' lang='lat' dir='ltr'>praefato</span> <span class='ocrx_word' id='word_1_593' title='bbox 539 2784 665 2822; x_wconf 87' lang='lat' dir='ltr'>Principi</span> <span class='ocrx_word' id='word_1_594' title='bbox 678 2783 831 2814; x_wconf 82' lang='lat' dir='ltr'>satisfacere</span> <span class='ocrx_word' id='word_1_595' title='bbox 844 2791 1055 2823; x_wconf 82' lang='lat' dir='ltr'>competenter,</span> <span class='ocrx_word' id='word_1_596' title='bbox 1079 2781 1151 2811; x_wconf 86' lang='lat' dir='ltr'>ferre</span> <span class='ocrx_word' id='word_1_597' title='bbox 1172 2792 1220 2812; x_wconf 90' lang='lat' dir='ltr'>va-</span> 
     </span>
     <span class='ocr_line' id='line_1_79' title="bbox 165 2821 588 2860; baseline 0 -9"><span class='ocrx_word' id='word_1_598' title='bbox 165 2821 238 2851; x_wconf 84' lang='lat' dir='ltr'>leant</span> <span class='ocrx_word' id='word_1_599' title='bbox 252 2830 285 2850; x_wconf 92' lang='lat' dir='ltr'>ac</span> <span class='ocrx_word' id='word_1_600' title='bbox 298 2821 382 2850; x_wconf 88' lang='lat' dir='ltr'>etiarn</span> <span class='ocrx_word' id='word_1_601' title='bbox 398 2821 588 2860; x_wconf 86' lang='lat' dir='ltr'>promulgare.</span> 
     </span>
    </p>

    <p class='ocr_par' dir='ltr' id='par_1_22' title="bbox 163 2857 1225 3283">
     <span class='ocr_line' id='line_1_80' title="bbox 203 2857 1223 2898; baseline -0.001 -8"><span class='ocrx_word' id='word_1_602' title='bbox 203 2859 240 2890; x_wconf 87' lang='lat' dir='ltr'>Et</span> <span class='ocrx_word' id='word_1_603' title='bbox 256 2858 323 2888; x_wconf 87' lang='lat' dir='ltr'>Nos</span> <span class='ocrx_word' id='word_1_604' title='bbox 338 2858 694 2890; x_wconf 83' lang='lat' dir='ltr'>Excommunicationibus</span> <span class='ocrx_word' id='word_1_605' title='bbox 707 2860 740 2890; x_wconf 64' lang='grc' dir='ltr'>ὃς</span> <span class='ocrx_word' id='word_1_606' title='bbox 755 2858 1045 2898; x_wconf 81' lang='lat' dir='ltr'>Agravationibus,ac</span> <span class='ocrx_word' id='word_1_607' title='bbox 1060 2857 1162 2897; x_wconf 84' lang='lat' dir='ltr'>Regna</span> <span class='ocrx_word' id='word_1_608' title='bbox 1170 2868 1223 2889; x_wconf 87' lang='lat' dir='ltr'>no·</span> 
     </span>
     <span class='ocr_line' id='line_1_81' title="bbox 165 2896 1222 2936; baseline -0.002 -8"><span class='ocrx_word' id='word_1_609' title='bbox 165 2897 220 2929; x_wconf 92' lang='lat' dir='ltr'>stra</span> <span class='ocrx_word' id='word_1_610' title='bbox 233 2896 386 2936; x_wconf 65' lang='lat' dir='ltr'>praedicta,</span> <span class='ocrx_word' id='word_1_611' title='bbox 401 2898 435 2928; x_wconf 68' lang='grc' dir='ltr'>ὃς</span> <span class='ocrx_word' id='word_1_612' title='bbox 447 2898 509 2928; x_wconf 91' lang='lat' dir='ltr'>alias</span> <span class='ocrx_word' id='word_1_613' title='bbox 523 2898 625 2928; x_wconf 88' lang='lat' dir='ltr'>Terras</span> <span class='ocrx_word' id='word_1_614' title='bbox 637 2898 761 2936; x_wconf 84' lang='lat' dir='ltr'>nostras,</span> <span class='ocrx_word' id='word_1_615' title='bbox 776 2897 927 2936; x_wconf 84' lang='lat' dir='ltr'>iuppositos</span> <span class='ocrx_word' id='word_1_616' title='bbox 948 2897 965 2914; x_wconf 76' lang='lat'>&#39;¹¹‘</span> <span class='ocrx_word' id='word_1_617' title='bbox 985 2896 1039 2926; x_wconf 81' lang='lat' dir='ltr'>esse</span> <span class='ocrx_word' id='word_1_618' title='bbox 1049 2896 1222 2927; x_wconf 84' lang='lat' dir='ltr'>Ecclefiasti-</span> 
     </span>
     <span class='ocr_line' id='line_1_82' title="bbox 165 2935 1222 2975; baseline -0.002 -7"><span class='ocrx_word' id='word_1_619' title='bbox 165 2947 205 2968; x_wconf 91' lang='lat' dir='ltr'>co</span> <span class='ocrx_word' id='word_1_620' title='bbox 218 2935 370 2967; x_wconf 65' lang='lat' dir='ltr'>interdidto</span> <span class='ocrx_word' id='word_1_621' title='bbox 384 2936 500 2974; x_wconf 85' lang='lat' dir='ltr'>publice</span> <span class='ocrx_word' id='word_1_622' title='bbox 513 2935 602 2966; x_wconf 90' lang='lat' dir='ltr'>facere</span> <span class='ocrx_word' id='word_1_623' title='bbox 615 2937 761 2975; x_wconf 87' lang='lat' dir='ltr'>nunciari,</span> <span class='ocrx_word' id='word_1_624' title='bbox 778 2945 921 2973; x_wconf 87' lang='lat' dir='ltr'>tamquam</span> <span class='ocrx_word' id='word_1_625' title='bbox 939 2945 992 2973; x_wconf 88' lang='lat' dir='ltr'>pro</span> <span class='ocrx_word' id='word_1_626' title='bbox 1008 2935 1055 2965; x_wconf 88' lang='lat' dir='ltr'>Re</span> <span class='ocrx_word' id='word_1_627' title='bbox 1077 2936 1222 2974; x_wconf 72' lang='lat' dir='ltr'>recognita</span> 
     </span>
     <span class='ocr_line' id='line_1_83' title="bbox 164 2973 1223 3014; baseline -0.002 -7"><span class='ocrx_word' id='word_1_628' title='bbox 164 2976 199 3007; x_wconf 89' lang='lat'>&amp;</span> <span class='ocrx_word' id='word_1_629' title='bbox 214 2976 242 3005; x_wconf 90' lang='lat' dir='ltr'>in</span> <span class='ocrx_word' id='word_1_630' title='bbox 254 2974 370 3014; x_wconf 91' lang='lat' dir='ltr'>Judicio</span> <span class='ocrx_word' id='word_1_631' title='bbox 383 2974 552 3012; x_wconf 69' lang='lat' dir='ltr'>confeffata,</span> <span class='ocrx_word' id='word_1_632' title='bbox 570 2974 772 3005; x_wconf 89' lang='lat' dir='ltr'>Renuntiantes</span> <span class='ocrx_word' id='word_1_633' title='bbox 783 2975 916 3004; x_wconf 89' lang='lat' dir='ltr'>omnibus</span> <span class='ocrx_word' id='word_1_634' title='bbox 940 2973 1128 3012; x_wconf 70' lang='lat' dir='ltr'>Afflonibus,</span> <span class='ocrx_word' id='word_1_635' title='bbox 1150 2975 1223 3005; x_wconf 84' lang='lat' dir='ltr'>Des·</span> 
     </span>
     <span class='ocr_line' id='line_1_84' title="bbox 164 3012 1224 3053; baseline -0.002 -8"><span class='ocrx_word' id='word_1_636' title='bbox 164 3014 351 3052; x_wconf 83' lang='lat' dir='ltr'>fenfionibus,</span> <span class='ocrx_word' id='word_1_637' title='bbox 368 3013 401 3044; x_wconf 92' lang='lat'>&amp;</span> <span class='ocrx_word' id='word_1_638' title='bbox 415 3012 634 3051; x_wconf 82' lang='lat' dir='ltr'>Exceptionibus</span> <span class='ocrx_word' id='word_1_639' title='bbox 652 3013 876 3053; x_wconf 86' lang='lat' dir='ltr'>quibuscumque</span> <span class='ocrx_word' id='word_1_640' title='bbox 896 3012 974 3042; x_wconf 67' lang='lat' dir='ltr'>Facti</span> <span class='ocrx_word' id='word_1_641' title='bbox 993 3014 1026 3043; x_wconf 88' lang='lat'>&amp;</span> <span class='ocrx_word' id='word_1_642' title='bbox 1049 3012 1124 3050; x_wconf 79' lang='lat' dir='ltr'>juris</span> <span class='ocrx_word' id='word_1_643' title='bbox 1137 3036 1146 3051; x_wconf 93' lang='lat'>,</span> <span class='ocrx_word' id='word_1_644' title='bbox 1165 3021 1224 3043; x_wconf 89' lang='lat' dir='ltr'>tam</span> 
     </span>
     <span class='ocr_line' id='line_1_85' title="bbox 166 3050 1222 3092; baseline -0.001 -9"><span class='ocrx_word' id='word_1_645' title='bbox 166 3052 325 3090; x_wconf 90' lang='lat' dir='ltr'>Canonici,</span> <span class='ocrx_word' id='word_1_646' title='bbox 339 3053 425 3090; x_wconf 77' lang='lat' dir='ltr'>quam</span> <span class='ocrx_word' id='word_1_647' title='bbox 441 3051 557 3090; x_wconf 87' lang='lat' dir='ltr'>Civilis,</span> <span class='ocrx_word' id='word_1_648' title='bbox 573 3062 622 3090; x_wconf 87' lang='lat' dir='ltr'>per</span> <span class='ocrx_word' id='word_1_649' title='bbox 634 3061 700 3091; x_wconf 84' lang='lat' dir='ltr'>quas</span> <span class='ocrx_word' id='word_1_650' title='bbox 713 3052 856 3092; x_wconf 74' lang='lat' dir='ltr'>possemus</span> <span class='ocrx_word' id='word_1_651' title='bbox 870 3059 967 3081; x_wconf 86' lang='lat' dir='ltr'>contra</span> <span class='ocrx_word' id='word_1_652' title='bbox 981 3050 1120 3089; x_wconf 85' lang='lat' dir='ltr'>praemissa</span> <span class='ocrx_word' id='word_1_653' title='bbox 1134 3053 1179 3082; x_wconf 89' lang='lat' dir='ltr'>vel</span> <span class='ocrx_word' id='word_1_654' title='bbox 1192 3062 1222 3082; x_wconf 86' lang='lat' dir='ltr'>a·</span> 
     </span>
     <span class='ocr_line' id='line_1_86' title="bbox 163 3088 1222 3130; baseline -0.001 -9"><span class='ocrx_word' id='word_1_655' title='bbox 163 3091 238 3130; x_wconf 89' lang='lat' dir='ltr'>liqua</span> <span class='ocrx_word' id='word_1_656' title='bbox 254 3090 425 3121; x_wconf 89' lang='lat' dir='ltr'>eorumdum</span> <span class='ocrx_word' id='word_1_657' title='bbox 439 3090 678 3130; x_wconf 88' lang='lat' dir='ltr'>qualitercumque</span> <span class='ocrx_word' id='word_1_658' title='bbox 691 3092 783 3121; x_wconf 74' lang='lat' dir='ltr'>iacere</span> <span class='ocrx_word' id='word_1_659' title='bbox 796 3090 842 3121; x_wconf 91' lang='lat' dir='ltr'>vel</span> <span class='ocrx_word' id='word_1_660' title='bbox 857 3091 969 3127; x_wconf 71' lang='lat' dir='ltr'>venire,</span> <span class='ocrx_word' id='word_1_661' title='bbox 992 3088 1127 3120; x_wconf 89' lang='lat' dir='ltr'>Volentes</span> <span class='ocrx_word' id='word_1_662' title='bbox 1138 3091 1222 3120; x_wconf 87' lang='lat' dir='ltr'>etiarn</span> 
     </span>
     <span class='ocr_line' id='line_1_87' title="bbox 164 3128 1221 3167; baseline -0.003 -6"><span class='ocrx_word' id='word_1_663' title='bbox 164 3130 198 3161; x_wconf 86' lang='lat'>&amp;</span> <span class='ocrx_word' id='word_1_664' title='bbox 217 3128 418 3159; x_wconf 87' lang='lat' dir='ltr'>Concedentes</span> <span class='ocrx_word' id='word_1_665' title='bbox 440 3128 521 3167; x_wconf 79' lang='lat' dir='ltr'>quod</span> <span class='ocrx_word' id='word_1_666' title='bbox 541 3128 702 3167; x_wconf 84' lang='lat' dir='ltr'>hujusmodi</span> <span class='ocrx_word' id='word_1_667' title='bbox 731 3129 865 3166; x_wconf 88' lang='lat' dir='ltr'>generalis</span> <span class='ocrx_word' id='word_1_668' title='bbox 896 3128 1083 3158; x_wconf 86' lang='lat' dir='ltr'>Renuntiatio</span> <span class='ocrx_word' id='word_1_669' title='bbox 1113 3137 1221 3158; x_wconf 87' lang='lat' dir='ltr'>tantam</span> 
     </span>
     <span class='ocr_line' id='line_1_88' title="bbox 163 3165 1222 3206; baseline -0.001 -8"><span class='ocrx_word' id='word_1_670' title='bbox 163 3169 242 3204; x_wconf 88' lang='lat' dir='ltr'>vim,</span> <span class='ocrx_word' id='word_1_671' title='bbox 260 3168 362 3204; x_wconf 89' lang='lat' dir='ltr'>robur,</span> <span class='ocrx_word' id='word_1_672' title='bbox 380 3167 412 3197; x_wconf 72' lang='grc' dir='ltr'>ὃς</span> <span class='ocrx_word' id='word_1_673' title='bbox 425 3167 564 3198; x_wconf 70' lang='lat' dir='ltr'>effesturn</span> <span class='ocrx_word' id='word_1_674' title='bbox 576 3168 691 3206; x_wconf 83' lang='lat' dir='ltr'>habeat,</span> <span class='ocrx_word' id='word_1_675' title='bbox 708 3178 743 3199; x_wconf 92' lang='lat' dir='ltr'>ac</span> <span class='ocrx_word' id='word_1_676' title='bbox 756 3168 774 3197; x_wconf 88' lang='lat' dir='ltr'>si</span> <span class='ocrx_word' id='word_1_677' title='bbox 789 3177 890 3197; x_wconf 91' lang='lat' dir='ltr'>omnes</span> <span class='ocrx_word' id='word_1_678' title='bbox 902 3167 977 3197; x_wconf 89' lang='lat' dir='ltr'>casus</span> <span class='ocrx_word' id='word_1_679' title='bbox 992 3165 1222 3205; x_wconf 88' lang='lat' dir='ltr'>Canonum,Le-</span> 
     </span>
     <span class='ocr_line' id='line_1_89' title="bbox 165 3203 1225 3245; baseline 0.002 -10"><span class='ocrx_word' id='word_1_680' title='bbox 165 3214 252 3245; x_wconf 85' lang='lat' dir='ltr'>gum,</span> <span class='ocrx_word' id='word_1_681' title='bbox 271 3205 304 3235; x_wconf 90' lang='lat'>&amp;</span> <span class='ocrx_word' id='word_1_682' title='bbox 318 3203 467 3234; x_wconf 88' lang='lat' dir='ltr'>Tenorum</span> <span class='ocrx_word' id='word_1_683' title='bbox 479 3215 599 3244; x_wconf 86' lang='lat' dir='ltr'>eorum,</span> <span class='ocrx_word' id='word_1_684' title='bbox 616 3205 704 3236; x_wconf 85' lang='lat' dir='ltr'>effent</span> <span class='ocrx_word' id='word_1_685' title='bbox 718 3206 869 3244; x_wconf 87' lang='lat' dir='ltr'>specialiter</span> <span class='ocrx_word' id='word_1_686' title='bbox 889 3206 919 3235; x_wconf 89' lang='lat' dir='ltr'>in</span> <span class='ocrx_word' id='word_1_687' title='bbox 941 3205 1120 3242; x_wconf 85' lang='lat' dir='ltr'>praesentibus</span> <span class='ocrx_word' id='word_1_688' title='bbox 1135 3206 1225 3237; x_wconf 85' lang='lat' dir='ltr'>Litte-</span> 
     </span>
     <span class='ocr_line' id='line_1_90' title="bbox 164 3242 870 3283; baseline -0.001 -9"><span class='ocrx_word' id='word_1_689' title='bbox 164 3247 218 3281; x_wconf 84' lang='lat' dir='ltr'>ris,</span> <span class='ocrx_word' id='word_1_690' title='bbox 237 3243 272 3273; x_wconf 91' lang='lat' dir='ltr'>de</span> <span class='ocrx_word' id='word_1_691' title='bbox 287 3243 375 3272; x_wconf 88' lang='lat' dir='ltr'>verbo</span> <span class='ocrx_word' id='word_1_692' title='bbox 389 3242 423 3272; x_wconf 91' lang='lat' dir='ltr'>ad</span> <span class='ocrx_word' id='word_1_693' title='bbox 438 3244 575 3282; x_wconf 90' lang='lat' dir='ltr'>verbum,</span> <span class='ocrx_word' id='word_1_694' title='bbox 594 3244 684 3274; x_wconf 89' lang='lat' dir='ltr'>inserti</span> <span class='ocrx_word' id='word_1_695' title='bbox 699 3245 732 3275; x_wconf 91' lang='lat'>&amp;</span> <span class='ocrx_word' id='word_1_696' title='bbox 746 3243 870 3283; x_wconf 83' lang='lat' dir='ltr'>expreffi.</span> 
     </span>
    </p>

    <p class='ocr_par' dir='ltr' id='par_1_23' title="bbox 165 3280 1226 3514">
     <span class='ocr_line' id='line_1_91' title="bbox 202 3280 1224 3322; baseline 0.002 -11"><span class='ocrx_word' id='word_1_697' title='bbox 202 3280 330 3318; x_wconf 86' lang='lat' dir='ltr'>Insuper,</span> <span class='ocrx_word' id='word_1_698' title='bbox 348 3290 380 3311; x_wconf 88' lang='lat' dir='ltr'>ex</span> <span class='ocrx_word' id='word_1_699' title='bbox 394 3280 487 3311; x_wconf 88' lang='lat' dir='ltr'>nostra</span> <span class='ocrx_word' id='word_1_700' title='bbox 502 3290 576 3311; x_wconf 92' lang='lat' dir='ltr'>certa</span> <span class='ocrx_word' id='word_1_701' title='bbox 589 3282 715 3320; x_wconf 88' lang='lat' dir='ltr'>scientia,</span> <span class='ocrx_word' id='word_1_702' title='bbox 731 3282 944 3320; x_wconf 78' lang='lat' dir='ltr'>constituimus,</span> <span class='ocrx_word' id='word_1_703' title='bbox 964 3283 998 3313; x_wconf 73' lang='grc' dir='ltr'>δε</span> <span class='ocrx_word' id='word_1_704' title='bbox 1018 3282 1224 3322; x_wconf 85' lang='lat' dir='ltr'>ordinavimus,</span> 
     </span>
     <span class='ocr_line' id='line_1_92' title="bbox 166 3319 1226 3359; baseline 0 -9"><span class='ocrx_word' id='word_1_705' title='bbox 166 3319 356 3357; x_wconf 85' lang='lat' dir='ltr'>facimusque,</span> <span class='ocrx_word' id='word_1_706' title='bbox 373 3319 590 3358; x_wconf 89' lang='lat' dir='ltr'>constituimus,</span> <span class='ocrx_word' id='word_1_707' title='bbox 606 3330 639 3350; x_wconf 90' lang='lat' dir='ltr'>ac</span> <span class='ocrx_word' id='word_1_708' title='bbox 653 3321 738 3350; x_wconf 86' lang='lat' dir='ltr'>etiam</span> <span class='ocrx_word' id='word_1_709' title='bbox 751 3321 910 3351; x_wconf 87' lang='lat' dir='ltr'>ordinamus</span> <span class='ocrx_word' id='word_1_710' title='bbox 923 3320 1035 3350; x_wconf 84' lang='lat' dir='ltr'>nostros</span> <span class='ocrx_word' id='word_1_711' title='bbox 1047 3331 1129 3351; x_wconf 88' lang='lat' dir='ltr'>veros</span> <span class='ocrx_word' id='word_1_712' title='bbox 1138 3345 1146 3359; x_wconf 87' lang='lat'>,</span> <span class='ocrx_word' id='word_1_713' title='bbox 1163 3332 1226 3352; x_wconf 87' lang='lat' dir='ltr'>cer-</span> 
     </span>
     <span class='ocr_line' id='line_1_93' title="bbox 166 3357 1224 3398; baseline 0.002 -9"><span class='ocrx_word' id='word_1_714' title='bbox 166 3366 227 3396; x_wconf 92' lang='lat' dir='ltr'>tos,</span> <span class='ocrx_word' id='word_1_715' title='bbox 246 3358 432 3397; x_wconf 82' lang='lat' dir='ltr'>&amp;legitimos</span> <span class='ocrx_word' id='word_1_716' title='bbox 447 3357 662 3396; x_wconf 88' lang='lat' dir='ltr'>Procuratores,</span> <span class='ocrx_word' id='word_1_717' title='bbox 681 3358 818 3396; x_wconf 61' lang='lat' dir='ltr'>Actores,</span> <span class='ocrx_word' id='word_1_718' title='bbox 837 3359 985 3396; x_wconf 64' lang='lat' dir='ltr'>Fadiores,</span> <span class='ocrx_word' id='word_1_719' title='bbox 1010 3359 1144 3390; x_wconf 86' lang='lat' dir='ltr'>Nuncios</span> <span class='ocrx_word' id='word_1_720' title='bbox 1166 3360 1224 3398; x_wconf 86' lang='lat' dir='ltr'>spe-</span> 
     </span>
     <span class='ocr_line' id='line_1_94' title="bbox 165 3395 1225 3437; baseline 0.003 -11"><span class='ocrx_word' id='word_1_721' title='bbox 165 3396 264 3433; x_wconf 86' lang='lat' dir='ltr'>ciales,</span> <span class='ocrx_word' id='word_1_722' title='bbox 283 3395 466 3433; x_wconf 80' lang='lat' dir='ltr'>Praepofitum</span> <span class='ocrx_word' id='word_1_723' title='bbox 482 3396 619 3427; x_wconf 87' lang='lat' dir='ltr'>Avinion.</span> <span class='ocrx_word' id='word_1_724' title='bbox 657 3395 788 3434; x_wconf 79' lang='lat' dir='ltr'>Andreae,</span> <span class='ocrx_word' id='word_1_725' title='bbox 804 3398 837 3427; x_wconf 89' lang='lat'>&amp;</span> <span class='ocrx_word' id='word_1_726' title='bbox 853 3396 976 3426; x_wconf 87' lang='lat' dir='ltr'>Severini</span> <span class='ocrx_word' id='word_1_727' title='bbox 993 3396 1152 3436; x_wconf 82' lang='lat' dir='ltr'>Burdegalae</span> <span class='ocrx_word' id='word_1_728' title='bbox 1176 3400 1225 3437; x_wconf 86' lang='lat' dir='ltr'>qui</span> 
     </span>
     <span class='ocr_line' id='line_1_95' title="bbox 167 3433 1226 3473; baseline 0.002 -8"><span class='ocrx_word' id='word_1_729' title='bbox 167 3444 245 3465; x_wconf 84' lang='lat' dir='ltr'>nunc</span> <span class='ocrx_word' id='word_1_730' title='bbox 261 3433 321 3463; x_wconf 87' lang='lat' dir='ltr'>sunt</span> <span class='ocrx_word' id='word_1_731' title='bbox 335 3433 381 3463; x_wconf 90' lang='lat' dir='ltr'>vel</span> <span class='ocrx_word' id='word_1_732' title='bbox 394 3444 446 3471; x_wconf 91' lang='lat' dir='ltr'>pro</span> <span class='ocrx_word' id='word_1_733' title='bbox 458 3443 587 3473; x_wconf 90' lang='lat' dir='ltr'>tempore</span> <span class='ocrx_word' id='word_1_734' title='bbox 601 3435 721 3472; x_wconf 85' lang='lat' dir='ltr'>fuerint,</span> <span class='ocrx_word' id='word_1_735' title='bbox 753 3434 898 3464; x_wconf 89' lang='lat' dir='ltr'>Dominos</span> <span class='ocrx_word' id='word_1_736' title='bbox 921 3434 1071 3465; x_wconf 86' lang='lat' dir='ltr'>Thornam</span> <span class='ocrx_word' id='word_1_737' title='bbox 1095 3437 1131 3466; x_wconf 88' lang='lat' dir='ltr'>de</span> <span class='ocrx_word' id='word_1_738' title='bbox 1179 3446 1226 3467; x_wconf 84' lang='lat' dir='ltr'>ax-</span> 
     </span>
     <span class='ocr_line' id='line_1_96' title="bbox 168 3471 1226 3514; baseline 0.001 -10"><span class='ocrx_word' id='word_1_739' title='bbox 168 3481 234 3510; x_wconf 88' lang='lat' dir='ltr'>ton,</span> <span class='ocrx_word' id='word_1_740' title='bbox 252 3473 285 3503; x_wconf 93' lang='lat'>&amp;</span> <span class='ocrx_word' id='word_1_741' title='bbox 299 3471 462 3503; x_wconf 89' lang='lat' dir='ltr'>Robertum</span> <span class='ocrx_word' id='word_1_742' title='bbox 477 3474 513 3503; x_wconf 94' lang='lat' dir='ltr'>de</span> <span class='ocrx_word' id='word_1_743' title='bbox 527 3474 671 3511; x_wconf 90' lang='lat' dir='ltr'>Stratton‚</span> <span class='ocrx_word' id='word_1_744' title='bbox 691 3473 768 3503; x_wconf 88' lang='lat' dir='ltr'>Sacri</span> <span class='ocrx_word' id='word_1_745' title='bbox 784 3472 881 3503; x_wconf 87' lang='lat' dir='ltr'>Palatii</span> <span class='ocrx_word' id='word_1_746' title='bbox 898 3471 1051 3503; x_wconf 81' lang='lat' dir='ltr'>Causarum</span> <span class='ocrx_word' id='word_1_747' title='bbox 1068 3474 1226 3514; x_wconf 88' lang='lat' dir='ltr'>Auditores,</span> 
     </span>
    </p>

    <p class='ocr_par' dir='ltr' id='par_1_24' title="bbox 167 3509 1227 3664">
     <span class='ocr_line' id='line_1_97' title="bbox 171 3509 1227 3552; baseline 0.002 -11"><span class='ocrx_word' id='word_1_748' title='bbox 171 3510 343 3548; x_wconf 78' lang='lat' dir='ltr'>Magistros,</span> <span class='ocrx_word' id='word_1_749' title='bbox 356 3509 517 3548; x_wconf 78' lang='lat' dir='ltr'>johannem</span> <span class='ocrx_word' id='word_1_750' title='bbox 532 3511 683 3550; x_wconf 85' lang='lat' dir='ltr'>Mercerii,</span> <span class='ocrx_word' id='word_1_751' title='bbox 708 3510 914 3552; x_wconf 90' lang='lat' dir='ltr'>Raymundum</span> <span class='ocrx_word' id='word_1_752' title='bbox 936 3510 1030 3549; x_wconf 90' lang='lat' dir='ltr'>Scivi,</span> <span class='ocrx_word' id='word_1_753' title='bbox 1056 3513 1089 3543; x_wconf 87' lang='lat'>&amp;</span> <span class='ocrx_word' id='word_1_754' title='bbox 1111 3512 1227 3543; x_wconf 86' lang='lat' dir='ltr'>Bernar-</span> 
     </span>
     <span class='ocr_line' id='line_1_98' title="bbox 168 3547 1223 3589; baseline 0.001 -9"><span class='ocrx_word' id='word_1_755' title='bbox 168 3550 239 3580; x_wconf 89' lang='lat' dir='ltr'>dum</span> <span class='ocrx_word' id='word_1_756' title='bbox 254 3548 289 3578; x_wconf 92' lang='lat' dir='ltr'>de</span> <span class='ocrx_word' id='word_1_757' title='bbox 302 3547 443 3586; x_wconf 80' lang='lat' dir='ltr'>Bugneto,</span> <span class='ocrx_word' id='word_1_758' title='bbox 456 3548 531 3586; x_wconf 90' lang='lat' dir='ltr'>Juris</span> <span class='ocrx_word' id='word_1_759' title='bbox 544 3549 669 3588; x_wconf 81' lang='lat' dir='ltr'>Peritos,</span> <span class='ocrx_word' id='word_1_760' title='bbox 687 3550 720 3580; x_wconf 91' lang='lat'>&amp;</span> <span class='ocrx_word' id='word_1_761' title='bbox 740 3559 840 3580; x_wconf 91' lang='lat' dir='ltr'>eorum</span> <span class='ocrx_word' id='word_1_762' title='bbox 858 3549 1015 3588; x_wconf 88' lang='lat' dir='ltr'>quemlibet</span> <span class='ocrx_word' id='word_1_763' title='bbox 1032 3550 1062 3579; x_wconf 91' lang='lat' dir='ltr'>in</span> <span class='ocrx_word' id='word_1_764' title='bbox 1085 3549 1223 3589; x_wconf 89' lang='lat' dir='ltr'>solidum,</span> 
     </span>
     <span class='ocr_line' id='line_1_99' title="bbox 168 3585 1224 3628; baseline 0.002 -10"><span class='ocrx_word' id='word_1_765' title='bbox 168 3589 206 3618; x_wconf 89' lang='lat' dir='ltr'>ita</span> <span class='ocrx_word' id='word_1_766' title='bbox 222 3585 301 3627; x_wconf 74' lang='lat' dir='ltr'>quod</span> <span class='ocrx_word' id='word_1_767' title='bbox 315 3596 374 3616; x_wconf 88' lang='lat' dir='ltr'>non</span> <span class='ocrx_word' id='word_1_768' title='bbox 390 3586 420 3616; x_wconf 87' lang='lat' dir='ltr'>sit</span> <span class='ocrx_word' id='word_1_769' title='bbox 437 3587 535 3616; x_wconf 90' lang='lat' dir='ltr'>melior</span> <span class='ocrx_word' id='word_1_770' title='bbox 553 3588 681 3618; x_wconf 89' lang='lat' dir='ltr'>conditio</span> <span class='ocrx_word' id='word_1_771' title='bbox 702 3589 887 3628; x_wconf 89' lang='lat' dir='ltr'>occupantis,</span> <span class='ocrx_word' id='word_1_772' title='bbox 913 3586 959 3617; x_wconf 92' lang='lat' dir='ltr'>sed</span> <span class='ocrx_word' id='word_1_773' title='bbox 982 3587 1059 3626; x_wconf 87' lang='lat' dir='ltr'>quod</span> <span class='ocrx_word' id='word_1_774' title='bbox 1080 3599 1152 3619; x_wconf 91' lang='lat' dir='ltr'>unus</span> <span class='ocrx_word' id='word_1_775' title='bbox 1174 3599 1224 3620; x_wconf 90' lang='lat' dir='ltr'>eo·</span> 
     </span>
     <span class='ocr_line' id='line_1_100' title="bbox 167 3624 1150 3664; baseline -0.001 -7"><span class='ocrx_word' id='word_1_776' title='bbox 167 3637 231 3657; x_wconf 81' lang='lat' dir='ltr'>rum</span> <span class='ocrx_word' id='word_1_777' title='bbox 247 3625 384 3664; x_wconf 84' lang='lat' dir='ltr'>inceperit</span> <span class='ocrx_word' id='word_1_778' title='bbox 396 3624 462 3654; x_wconf 89' lang='lat' dir='ltr'>alter</span> <span class='ocrx_word' id='word_1_779' title='bbox 476 3624 599 3661; x_wconf 87' lang='lat' dir='ltr'>ipsorum</span> <span class='ocrx_word' id='word_1_780' title='bbox 614 3626 744 3664; x_wconf 88' lang='lat' dir='ltr'>prosequi</span> <span class='ocrx_word' id='word_1_781' title='bbox 757 3627 880 3657; x_wconf 89' lang='lat' dir='ltr'>mediare</span> <span class='ocrx_word' id='word_1_782' title='bbox 893 3625 979 3655; x_wconf 84' lang='lat' dir='ltr'>valeat</span> <span class='ocrx_word' id='word_1_783' title='bbox 996 3626 1029 3655; x_wconf 90' lang='lat'>&amp;</span> <span class='ocrx_word' id='word_1_784' title='bbox 1043 3625 1125 3656; x_wconf 77' lang='lat' dir='ltr'>finire</span> <span class='ocrx_word' id='word_1_785' title='bbox 1140 3649 1150 3664; x_wconf 89' lang='lat'>,</span> 
     </span>
    </p>

    <p class='ocr_par' dir='ltr' id='par_1_25' title="bbox 165 3663 1227 3816">
     <span class='ocr_line' id='line_1_101' title="bbox 207 3663 1226 3703; baseline 0 -7"><span class='ocrx_word' id='word_1_786' title='bbox 207 3664 253 3696; x_wconf 87' lang='lat' dir='ltr'>Ad</span> <span class='ocrx_word' id='word_1_787' title='bbox 267 3663 509 3701; x_wconf 84' lang='lat' dir='ltr'>comparendum,</span> <span class='ocrx_word' id='word_1_788' title='bbox 527 3664 611 3692; x_wconf 89' lang='lat' dir='ltr'>omni</span> <span class='ocrx_word' id='word_1_789' title='bbox 625 3663 791 3703; x_wconf 89' lang='lat' dir='ltr'>Tempore,</span> <span class='ocrx_word' id='word_1_790' title='bbox 813 3665 936 3699; x_wconf 85' lang='lat' dir='ltr'>Diebus,</span> <span class='ocrx_word' id='word_1_791' title='bbox 954 3664 988 3694; x_wconf 72' lang='grc' dir='ltr'>ὃς</span> <span class='ocrx_word' id='word_1_792' title='bbox 1003 3663 1111 3703; x_wconf 77' lang='lat' dir='ltr'>Horis,</span> <span class='ocrx_word' id='word_1_793' title='bbox 1132 3666 1226 3696; x_wconf 85' lang='lat' dir='ltr'>Feria-</span> 
     </span>
     <span class='ocr_line' id='line_1_102' title="bbox 165 3701 1227 3742; baseline -0.001 -8"><span class='ocrx_word' id='word_1_794' title='bbox 165 3705 203 3735; x_wconf 88' lang='lat' dir='ltr'>t&#39;is</span> <span class='ocrx_word' id='word_1_795' title='bbox 216 3704 249 3734; x_wconf 91' lang='lat'>&amp;</span> <span class='ocrx_word' id='word_1_796' title='bbox 263 3712 321 3733; x_wconf 92' lang='lat' dir='ltr'>nori</span> <span class='ocrx_word' id='word_1_797' title='bbox 336 3701 463 3739; x_wconf 88' lang='lat' dir='ltr'>Feriatis,</span> <span class='ocrx_word' id='word_1_798' title='bbox 480 3709 544 3731; x_wconf 88' lang='lat' dir='ltr'>ante</span> <span class='ocrx_word' id='word_1_799' title='bbox 553 3701 727 3731; x_wconf 89' lang='lat' dir='ltr'>Terminum</span> <span class='ocrx_word' id='word_1_800' title='bbox 741 3702 827 3732; x_wconf 66' lang='lat' dir='ltr'>dieta:</span> <span class='ocrx_word' id='word_1_801' title='bbox 842 3703 994 3732; x_wconf 89' lang='lat' dir='ltr'>Solutionis</span> <span class='ocrx_word' id='word_1_802' title='bbox 1020 3702 1175 3742; x_wconf 65' lang='lat' dir='ltr'>faciendae,</span> <span class='ocrx_word' id='word_1_803' title='bbox 1193 3706 1227 3736; x_wconf 66' lang='grc' dir='ltr'>ὃς</span> 
     </span>
     <span class='ocr_line' id='line_1_103' title="bbox 169 3739 1227 3778; baseline 0.001 -6"><span class='ocrx_word' id='word_1_804' title='bbox 169 3743 200 3772; x_wconf 82' lang='lat' dir='ltr'>iii</span> <span class='ocrx_word' id='word_1_805' title='bbox 213 3741 294 3772; x_wconf 66' lang='lat' dir='ltr'>diuo</span> <span class='ocrx_word' id='word_1_806' title='bbox 306 3740 466 3778; x_wconf 89' lang='lat' dir='ltr'>Termino,</span> <span class='ocrx_word' id='word_1_807' title='bbox 484 3740 517 3770; x_wconf 74' lang='grc' dir='ltr'>δε</span> <span class='ocrx_word' id='word_1_808' title='bbox 533 3739 595 3778; x_wconf 89' lang='lat' dir='ltr'>post</span> <span class='ocrx_word' id='word_1_809' title='bbox 616 3739 727 3769; x_wconf 67' lang='lat' dir='ltr'>diCtum</span> <span class='ocrx_word' id='word_1_810' title='bbox 750 3740 923 3770; x_wconf 91' lang='lat' dir='ltr'>Terminum</span> <span class='ocrx_word' id='word_1_811' title='bbox 940 3762 950 3777; x_wconf 93' lang='lat'>,</span> <span class='ocrx_word' id='word_1_812' title='bbox 975 3739 1008 3769; x_wconf 87' lang='lat' dir='ltr'>ad</span> <span class='ocrx_word' id='word_1_813' title='bbox 1029 3750 1150 3771; x_wconf 90' lang='lat' dir='ltr'>ornnem</span> <span class='ocrx_word' id='word_1_814' title='bbox 1174 3753 1227 3773; x_wconf 87' lang='lat' dir='ltr'>vo—</span> 
     </span>
     <span class='ocr_line' id='line_1_104' title="bbox 168 3777 907 3816; baseline -0.003 -7"><span class='ocrx_word' id='word_1_815' title='bbox 168 3778 302 3810; x_wconf 85' lang='lat' dir='ltr'>luntatem</span> <span class='ocrx_word' id='word_1_816' title='bbox 317 3779 386 3810; x_wconf 71' lang='lat' dir='ltr'>dieti</span> <span class='ocrx_word' id='word_1_817' title='bbox 399 3778 553 3815; x_wconf 86' lang='lat' dir='ltr'>Principis,</span> <span class='ocrx_word' id='word_1_818' title='bbox 571 3777 616 3808; x_wconf 88' lang='lat' dir='ltr'>seu</span> <span class='ocrx_word' id='word_1_819' title='bbox 628 3778 684 3815; x_wconf 66' lang='lat' dir='ltr'>ejus</span> <span class='ocrx_word' id='word_1_820' title='bbox 698 3777 907 3816; x_wconf 88' lang='lat' dir='ltr'>Procuratoris,</span> 
     </span>
    </p>

    <p class='ocr_par' dir='ltr' id='par_1_26' title="bbox 155 3815 1226 4047">
     <span class='ocr_line' id='line_1_105' title="bbox 203 3815 1224 3885; baseline 0.004 -39"><span class='ocrx_word' id='word_1_821' title='bbox 203 3817 342 3856; x_wconf 88' lang='lat' dir='ltr'>Nosque,</span> <span class='ocrx_word' id='word_1_822' title='bbox 357 3816 505 3850; x_wconf 80' lang='lat' dir='ltr'>Haeredes,</span> <span class='ocrx_word' id='word_1_823' title='bbox 524 3817 557 3846; x_wconf 72' lang='grc' dir='ltr'>ὅ(</span> <span class='ocrx_word' id='word_1_824' title='bbox 572 3815 751 3846; x_wconf 87' lang='lat' dir='ltr'>Successores</span> <span class='ocrx_word' id='word_1_825' title='bbox 765 3815 892 3853; x_wconf 77' lang='lat' dir='ltr'>nostrOS,</span> <span class='ocrx_word' id='word_1_826' title='bbox 903 3817 1043 3885; x_wconf 52' lang='lat' dir='ltr'>gaediCAEa</span> <span class='ocrx_word' id='word_1_827' title='bbox 1060 3818 1160 3856; x_wconf 85' lang='lat' dir='ltr'>Regna</span> <span class='ocrx_word' id='word_1_828' title='bbox 1169 3829 1224 3850; x_wconf 92' lang='lat' dir='ltr'>no-</span> 
     </span>
     <span class='ocr_line' id='line_1_106' title="bbox 163 3853 1226 3893; baseline -0.003 -7"><span class='ocrx_word' id='word_1_829' title='bbox 163 3855 232 3893; x_wconf 85' lang='lat' dir='ltr'>stra,</span> <span class='ocrx_word' id='word_1_830' title='bbox 250 3865 283 3886; x_wconf 88' lang='lat' dir='ltr'>ac</span> <span class='ocrx_word' id='word_1_831' title='bbox 297 3865 397 3886; x_wconf 68' lang='lat' dir='ltr'>omnes</span> <span class='ocrx_word' id='word_1_832' title='bbox 411 3856 474 3889; x_wconf 88' lang='lat' dir='ltr'>alias</span> <span class='ocrx_word' id='word_1_833' title='bbox 486 3853 590 3885; x_wconf 85' lang='lat' dir='ltr'>Terras</span> <span class='ocrx_word' id='word_1_834' title='bbox 605 3853 728 3890; x_wconf 70' lang='lat' dir='ltr'>nostra-3,</span> <span class='ocrx_word' id='word_1_835' title='bbox 745 3854 779 3884; x_wconf 91' lang='lat'>&amp;</span> <span class='ocrx_word' id='word_1_836' title='bbox 792 3855 890 3884; x_wconf 87' lang='lat' dir='ltr'>omnia</span> <span class='ocrx_word' id='word_1_837' title='bbox 953 3855 990 3885; x_wconf 90' lang='lat' dir='ltr'>sin</span> <span class='ocrx_word' id='word_1_838' title='bbox 1012 3855 1055 3885; x_wconf 88' lang='lat' dir='ltr'>ula</span> <span class='ocrx_word' id='word_1_839' title='bbox 1071 3855 1150 3888; x_wconf 88' lang='lat' dir='ltr'>Bona</span> <span class='ocrx_word' id='word_1_840' title='bbox 1171 3868 1226 3888; x_wconf 85' lang='lat' dir='ltr'>no-</span> 
     </span>
     <span class='ocr_line' id='line_1_107' title="bbox 163 3892 1225 3932; baseline 0.002 -8"><span class='ocrx_word' id='word_1_841' title='bbox 163 3893 215 3924; x_wconf 86' lang='lat' dir='ltr'>stra</span> <span class='ocrx_word' id='word_1_842' title='bbox 252 3893 372 3924; x_wconf 90' lang='lat' dir='ltr'>Mobilia</span> <span class='ocrx_word' id='word_1_843' title='bbox 384 3895 418 3926; x_wconf 89' lang='lat'>&amp;</span> <span class='ocrx_word' id='word_1_844' title='bbox 430 3893 612 3931; x_wconf 88' lang='lat' dir='ltr'>Immobilia,</span> <span class='ocrx_word' id='word_1_845' title='bbox 629 3892 776 3922; x_wconf 80' lang='lat' dir='ltr'>Praeseritia</span> <span class='ocrx_word' id='word_1_846' title='bbox 791 3893 824 3922; x_wconf 91' lang='lat'>&amp;</span> <span class='ocrx_word' id='word_1_847' title='bbox 841 3892 963 3932; x_wconf 86' lang='lat' dir='ltr'>Futura,</span> <span class='ocrx_word' id='word_1_848' title='bbox 1016 3895 1083 3924; x_wconf 84' lang='lat' dir='ltr'>uriae</span> <span class='ocrx_word' id='word_1_849' title='bbox 1114 3894 1225 3926; x_wconf 88' lang='lat' dir='ltr'>Came-</span> 
     </span>
     <span class='ocr_line' id='line_1_108' title="bbox 160 3916 1221 3971; baseline -0.001 -8"><span class='ocrx_word' id='word_1_850' title='bbox 160 3942 200 3963; x_wconf 88' lang='lat' dir='ltr'>rae</span> <span class='ocrx_word' id='word_1_851' title='bbox 212 3916 283 3962; x_wconf 65' lang='lat' dir='ltr'>dieti</span> <span class='ocrx_word' id='word_1_852' title='bbox 297 3930 420 3962; x_wconf 90' lang='lat' dir='ltr'>Domini</span> <span class='ocrx_word' id='word_1_853' title='bbox 433 3931 520 3962; x_wconf 91' lang='lat' dir='ltr'>nostri</span> <span class='ocrx_word' id='word_1_854' title='bbox 538 3931 640 3969; x_wconf 83' lang='lat' dir='ltr'>Papae,</span> <span class='ocrx_word' id='word_1_855' title='bbox 659 3931 692 3961; x_wconf 84' lang='lat'>&amp;</span> <span class='ocrx_word' id='word_1_856' title='bbox 708 3931 765 3967; x_wconf 87' lang='lat' dir='ltr'>ejus</span> <span class='ocrx_word' id='word_1_857' title='bbox 789 3929 976 3970; x_wconf 89' lang='lat' dir='ltr'>Camerario,</span> <span class='ocrx_word' id='word_1_858' title='bbox 993 3933 1123 3963; x_wconf 84' lang='lat' dir='ltr'>Auditori</span> <span class='ocrx_word' id='word_1_859' title='bbox 1140 3956 1150 3971; x_wconf 85' lang='lat'>,</span> <span class='ocrx_word' id='word_1_860' title='bbox 1171 3936 1221 3966; x_wconf 88' lang='lat' dir='ltr'>Vi-</span> 
     </span>
     <span class='ocr_line' id='line_1_109' title="bbox 155 3968 1221 4009; baseline 0.003 -8"><span class='ocrx_word' id='word_1_861' title='bbox 155 3969 324 4006; x_wconf 84' lang='lat' dir='ltr'>ceauditori,</span> <span class='ocrx_word' id='word_1_862' title='bbox 343 3968 566 4008; x_wconf 84' lang='lat' dir='ltr'>Commiffariis,</span> <span class='ocrx_word' id='word_1_863' title='bbox 585 3970 618 4001; x_wconf 89' lang='lat'>&amp;</span> <span class='ocrx_word' id='word_1_864' title='bbox 633 3969 870 4001; x_wconf 87' lang='lat' dir='ltr'>Locatenentibus</span> <span class='ocrx_word' id='word_1_865' title='bbox 883 3969 975 4009; x_wconf 89' lang='lat' dir='ltr'>ipsius,</span> <span class='ocrx_word' id='word_1_866' title='bbox 988 3970 1170 4009; x_wconf 60' lang='lat' dir='ltr'>juridictioni</span> <span class='ocrx_word' id='word_1_867' title='bbox 1186 3974 1221 4005; x_wconf 92' lang='lat'>&amp;</span> 
     </span>
     <span class='ocr_line' id='line_1_110' title="bbox 155 4006 921 4047; baseline 0 -9"><span class='ocrx_word' id='word_1_868' title='bbox 155 4006 354 4047; x_wconf 80' lang='lat' dir='ltr'>Compuiiioni</span> <span class='ocrx_word' id='word_1_869' title='bbox 366 4007 589 4040; x_wconf 86' lang='lat' dir='ltr'>submittendum</span> <span class='ocrx_word' id='word_1_870' title='bbox 603 4009 637 4038; x_wconf 87' lang='lat'>&amp;</span> <span class='ocrx_word' id='word_1_871' title='bbox 652 4007 921 4045; x_wconf 87' lang='lat' dir='ltr'>resubmittendum,</span> 
     </span>
    </p>

    <p class='ocr_par' dir='ltr' id='par_1_27' title="bbox 185 4045 1216 4115">
     <span class='ocr_line' id='line_1_111' title="bbox 185 4045 1216 4115; baseline 0.001 -36"><span class='ocrx_word' id='word_1_872' title='bbox 185 4047 233 4079; x_wconf 90' lang='lat' dir='ltr'>Ac</span> <span class='ocrx_word' id='word_1_873' title='bbox 246 4047 330 4115; x_wconf 43' lang='lat' dir='ltr'>caiam</span> <span class='ocrx_word' id='word_1_874' title='bbox 344 4046 536 4115; x_wconf 41' lang='grc' dir='ltr'>ειεῗιεισίᾰάίιὲῗο</span> <span class='ocrx_word' id='word_1_875' title='bbox 547 4045 711 4079; x_wconf 87' lang='lat' dir='ltr'>Camerario</span> <span class='ocrx_word' id='word_1_876' title='bbox 726 4046 796 4079; x_wconf 64' lang='lat' dir='ltr'>dieti</span> <span class='ocrx_word' id='word_1_877' title='bbox 811 4045 937 4079; x_wconf 85' lang='lat' dir='ltr'>Domini</span> <span class='ocrx_word' id='word_1_878' title='bbox 951 4046 1040 4079; x_wconf 87' lang='lat' dir='ltr'>nostri</span> <span class='ocrx_word' id='word_1_879' title='bbox 1063 4047 1168 4090; x_wconf 83' lang='lat' dir='ltr'>Papae,</span> <span class='ocrx_word' id='word_1_880' title='bbox 1185 4059 1216 4082; x_wconf 90' lang='lat' dir='ltr'>e-</span> 
     </span>
    </p>

    <p class='ocr_par' dir='ltr' id='par_1_28' title="bbox 282 4094 523 4116">
     <span class='ocr_line' id='line_1_112' title="bbox 282 4094 523 4116; baseline -0.008 0"><span class='ocrx_word' id='word_1_881' title='bbox 282 4094 331 4116; x_wconf 83' lang='lat' dir='ltr'>om.</span> <span class='ocrx_word' id='word_1_882' title='bbox 403 4106 410 4114; x_wconf 91' lang='lat'><strong>.</strong></span> <span class='ocrx_word' id='word_1_883' title='bbox 456 4107 463 4114; x_wconf 94' lang='lat'><strong><em>.</em></strong></span> <span class='ocrx_word' id='word_1_884' title='bbox 516 4107 523 4114; x_wconf 96' lang='lat'>.</span> 
     </span>
    </p>
   </div>
   <div class='ocr_carea' id='block_1_13' title="bbox 1270 351 2336 743">
    <p class='ocr_par' dir='ltr' id='par_1_29' title="bbox 1270 351 2336 743">
     <span class='ocr_line' id='line_1_113' title="bbox 1311 351 2333 401; baseline 0.013 -20"><span class='ocrx_word' id='word_1_885' title='bbox 1311 351 1397 395; x_wconf 38' lang='lat' dir='ltr'>Et&#39;ad</span> <span class='ocrx_word' id='word_1_886' title='bbox 1414 354 1581 393; x_wconf 82' lang='lat' dir='ltr'>petendum,</span> <span class='ocrx_word' id='word_1_887' title='bbox 1609 356 1798 395; x_wconf 85' lang='lat' dir='ltr'>audiendum,</span> <span class='ocrx_word' id='word_1_888' title='bbox 1823 358 1978 388; x_wconf 88' lang='lat' dir='ltr'>volendum</span> <span class='ocrx_word' id='word_1_889' title='bbox 1993 382 2002 397; x_wconf 92' lang='lat'>,</span> <span class='ocrx_word' id='word_1_890' title='bbox 2021 360 2255 392; x_wconf 87' lang='lat' dir='ltr'>consentiendum</span> <span class='ocrx_word' id='word_1_891' title='bbox 2270 384 2280 401; x_wconf 86' lang='lat'>,</span> <span class='ocrx_word' id='word_1_892' title='bbox 2299 364 2333 395; x_wconf 86' lang='lat'>&amp;</span> 
     </span>
     <span class='ocr_line' id='line_1_114' title="bbox 1273 391 2336 438; baseline 0.011 -18"><span class='ocrx_word' id='word_1_893' title='bbox 1273 391 1465 428; x_wconf 90' lang='lat' dir='ltr'>recipiendum</span> <span class='ocrx_word' id='word_1_894' title='bbox 1479 402 1568 423; x_wconf 90' lang='lat' dir='ltr'>omne</span> <span class='ocrx_word' id='word_1_895' title='bbox 1580 392 1779 433; x_wconf 75' lang='lat' dir='ltr'>Praeceptum,</span> <span class='ocrx_word' id='word_1_896' title='bbox 1795 396 1829 426; x_wconf 89' lang='lat'>&amp;</span> <span class='ocrx_word' id='word_1_897' title='bbox 1844 405 1962 426; x_wconf 81' lang='lat' dir='ltr'>omnem</span> <span class='ocrx_word' id='word_1_898' title='bbox 1978 398 2150 429; x_wconf 84' lang='lat' dir='ltr'>Sententiam</span> <span class='ocrx_word' id='word_1_899' title='bbox 2164 422 2173 438; x_wconf 89' lang='lat'>,</span> <span class='ocrx_word' id='word_1_900' title='bbox 2192 400 2226 430; x_wconf 70' lang='lat' dir='ltr'>&lt;Sc</span> <span class='ocrx_word' id='word_1_901' title='bbox 2246 400 2336 432; x_wconf 83' lang='lat' dir='ltr'>Man-</span> 
     </span>
     <span class='ocr_line' id='line_1_115' title="bbox 1271 428 2335 479; baseline 0.012 -22"><span class='ocrx_word' id='word_1_902' title='bbox 1271 428 1384 471; x_wconf 80' lang='lat' dir='ltr'>datum,</span> <span class='ocrx_word' id='word_1_903' title='bbox 1403 429 1524 472; x_wconf 81' lang='lat' dir='ltr'>quod&amp;</span> <span class='ocrx_word' id='word_1_904' title='bbox 1547 441 1631 469; x_wconf 85' lang='lat' dir='ltr'>quam</span> <span class='ocrx_word' id='word_1_905' title='bbox 1654 433 1703 470; x_wconf 82' lang='lat' dir='ltr'>ipii</span> <span class='ocrx_word' id='word_1_906' title='bbox 1721 456 1730 470; x_wconf 91' lang='lat'>,</span> <span class='ocrx_word' id='word_1_907' title='bbox 1754 434 1947 472; x_wconf 80' lang='lat' dir='ltr'>Camerarius,</span> <span class='ocrx_word' id='word_1_908' title='bbox 1970 436 2108 476; x_wconf 86' lang='lat' dir='ltr'>Auditor,</span> <span class='ocrx_word' id='word_1_909' title='bbox 2135 437 2335 479; x_wconf 85' lang='lat' dir='ltr'>Viceauditor,</span> 
     </span>
     <span class='ocr_line' id='line_1_116' title="bbox 1272 465 2332 517; baseline 0.014 -23"><span class='ocrx_word' id='word_1_910' title='bbox 1272 465 1454 508; x_wconf 62' lang='lat' dir='ltr'>Comiliarii,</span> <span class='ocrx_word' id='word_1_911' title='bbox 1474 468 1508 498; x_wconf 91' lang='lat'>&amp;</span> <span class='ocrx_word' id='word_1_912' title='bbox 1522 478 1621 499; x_wconf 90' lang='lat' dir='ltr'>eorum</span> <span class='ocrx_word' id='word_1_913' title='bbox 1639 470 1845 502; x_wconf 84' lang='lat' dir='ltr'>Locatenentes</span> <span class='ocrx_word' id='word_1_914' title='bbox 1857 495 1866 511; x_wconf 84' lang='lat'>‚</span> <span class='ocrx_word' id='word_1_915' title='bbox 1885 474 1919 504; x_wconf 73' lang='grc' dir='ltr'>ὅ(</span> <span class='ocrx_word' id='word_1_916' title='bbox 1939 475 2056 512; x_wconf 87' lang='lat' dir='ltr'>quilibet</span> <span class='ocrx_word' id='word_1_917' title='bbox 2077 486 2176 506; x_wconf 89' lang='lat' dir='ltr'>eorum</span> <span class='ocrx_word' id='word_1_918' title='bbox 2198 477 2228 508; x_wconf 90' lang='lat' dir='ltr'>in</span> <span class='ocrx_word' id='word_1_919' title='bbox 2247 477 2332 517; x_wconf 82' lang='lat' dir='ltr'>Nos,</span> 
     </span>
     <span class='ocr_line' id='line_1_117' title="bbox 1272 503 2330 554; baseline 0.012 -21"><span class='ocrx_word' id='word_1_920' title='bbox 1272 503 1438 549; x_wconf 73' lang='lat' dir='ltr'>nostroIqiie</span> <span class='ocrx_word' id='word_1_921' title='bbox 1453 505 1590 549; x_wconf 71' lang='lat' dir='ltr'>Haeredes</span> <span class='ocrx_word' id='word_1_922' title='bbox 1603 509 1636 539; x_wconf 90' lang='lat'>&amp;</span> <span class='ocrx_word' id='word_1_923' title='bbox 1649 508 1845 549; x_wconf 75' lang='lat' dir='ltr'>Successores,</span> <span class='ocrx_word' id='word_1_924' title='bbox 1863 520 1974 542; x_wconf 83' lang='lat' dir='ltr'>exnunc</span> <span class='ocrx_word' id='word_1_925' title='bbox 1990 522 2074 550; x_wconf 88' lang='lat' dir='ltr'>proiit</span> <span class='ocrx_word' id='word_1_926' title='bbox 2089 523 2193 545; x_wconf 62' lang='lat' dir='ltr'>eittunc</span> <span class='ocrx_word' id='word_1_927' title='bbox 2208 539 2216 554; x_wconf 90' lang='lat'>,</span> <span class='ocrx_word' id='word_1_928' title='bbox 2233 515 2330 547; x_wconf 85' lang='lat' dir='ltr'>Exco-</span> 
     </span>
     <span class='ocr_line' id='line_1_118' title="bbox 1273 544 2330 589; baseline 0.012 -17"><span class='ocrx_word' id='word_1_929' title='bbox 1273 550 1473 573; x_wconf 89' lang='lat' dir='ltr'>municationis</span> <span class='ocrx_word' id='word_1_930' title='bbox 1488 544 1522 574; x_wconf 92' lang='lat'>&amp;</span> <span class='ocrx_word' id='word_1_931' title='bbox 1536 544 1745 586; x_wconf 87' lang='lat' dir='ltr'>Agravationis,</span> <span class='ocrx_word' id='word_1_932' title='bbox 1763 557 1795 578; x_wconf 89' lang='lat' dir='ltr'>ac</span> <span class='ocrx_word' id='word_1_933' title='bbox 1812 549 1841 578; x_wconf 92' lang='lat' dir='ltr'>in</span> <span class='ocrx_word' id='word_1_934' title='bbox 1864 549 1965 589; x_wconf 90' lang='lat' dir='ltr'>Regna</span> <span class='ocrx_word' id='word_1_935' title='bbox 1979 551 2071 581; x_wconf 89' lang='lat' dir='ltr'>nostra</span> <span class='ocrx_word' id='word_1_936' title='bbox 2086 554 2119 583; x_wconf 91' lang='lat'>&amp;</span> <span class='ocrx_word' id='word_1_937' title='bbox 2142 553 2205 583; x_wconf 83' lang='lat' dir='ltr'>alias</span> <span class='ocrx_word' id='word_1_938' title='bbox 2225 553 2330 585; x_wconf 89' lang='lat' dir='ltr'>Terras</span> 
     </span>
     <span class='ocr_line' id='line_1_119' title="bbox 1272 580 2331 630; baseline 0.013 -21"><span class='ocrx_word' id='word_1_939' title='bbox 1272 580 1381 610; x_wconf 83' lang='lat' dir='ltr'>nostras</span> <span class='ocrx_word' id='word_1_940' title='bbox 1403 580 1551 612; x_wconf 69' lang='lat' dir='ltr'>interdieii</span> <span class='ocrx_word' id='word_1_941' title='bbox 1575 583 1729 614; x_wconf 88' lang='lat' dir='ltr'>Sententias</span> <span class='ocrx_word' id='word_1_942' title='bbox 1755 585 1843 617; x_wconf 89' lang='lat' dir='ltr'>ferent</span> <span class='ocrx_word' id='word_1_943' title='bbox 1870 597 1902 618; x_wconf 91' lang='lat' dir='ltr'>ac</span> <span class='ocrx_word' id='word_1_944' title='bbox 1925 590 2011 619; x_wconf 86' lang='lat' dir='ltr'>etiam</span> <span class='ocrx_word' id='word_1_945' title='bbox 2038 591 2278 630; x_wconf 69' lang='lat' dir='ltr'>promulgabant,</span> <span class='ocrx_word' id='word_1_946' title='bbox 2296 593 2331 623; x_wconf 69' lang='grc' dir='ltr'>ὃς</span> 
     </span>
     <span class='ocr_line' id='line_1_120' title="bbox 1271 618 2330 667; baseline 0.014 -20"><span class='ocrx_word' id='word_1_947' title='bbox 1271 618 1421 649; x_wconf 83' lang='lat' dir='ltr'>Proceffus</span> <span class='ocrx_word' id='word_1_948' title='bbox 1433 620 1628 659; x_wconf 86' lang='lat' dir='ltr'>quoscumque</span> <span class='ocrx_word' id='word_1_949' title='bbox 1645 621 1712 651; x_wconf 90' lang='lat' dir='ltr'>alios</span> <span class='ocrx_word' id='word_1_950' title='bbox 1722 623 1824 653; x_wconf 88' lang='lat' dir='ltr'>faciant</span> <span class='ocrx_word' id='word_1_951' title='bbox 1839 635 1938 656; x_wconf 87' lang='lat' dir='ltr'>contra</span> <span class='ocrx_word' id='word_1_952' title='bbox 1952 627 2030 665; x_wconf 86' lang='lat' dir='ltr'>Nos,</span> <span class='ocrx_word' id='word_1_953' title='bbox 2049 628 2201 667; x_wconf 67' lang='lat' dir='ltr'>Haeredes,</span> <span class='ocrx_word' id='word_1_954' title='bbox 2217 631 2330 661; x_wconf 84' lang='lat' dir='ltr'>&amp;Suc-</span> 
     </span>
     <span class='ocr_line' id='line_1_121' title="bbox 1271 656 2328 705; baseline 0.014 -20"><span class='ocrx_word' id='word_1_955' title='bbox 1271 656 1392 700; x_wconf 75' lang='lat' dir='ltr'>cessores</span> <span class='ocrx_word' id='word_1_956' title='bbox 1405 657 1518 687; x_wconf 90' lang='lat' dir='ltr'>nostros</span> <span class='ocrx_word' id='word_1_957' title='bbox 1525 680 1539 701; x_wconf 32' lang='grc'>,1</span> <span class='ocrx_word' id='word_1_958' title='bbox 1551 660 1680 703; x_wconf 77' lang='lat' dir='ltr'>quotiens</span> <span class='ocrx_word' id='word_1_959' title='bbox 1693 661 1726 691; x_wconf 68' lang='grc' dir='ltr'>ὃς</span> <span class='ocrx_word' id='word_1_960' title='bbox 1740 662 1871 700; x_wconf 90' lang='lat' dir='ltr'>quando,</span> <span class='ocrx_word' id='word_1_961' title='bbox 1889 666 2037 700; x_wconf 87' lang='lat' dir='ltr'>quomodo</span> <span class='ocrx_word' id='word_1_962' title='bbox 2052 689 2062 704; x_wconf 94' lang='lat'>,</span> <span class='ocrx_word' id='word_1_963' title='bbox 2080 668 2211 705; x_wconf 88' lang='lat' dir='ltr'>qualiter,</span> <span class='ocrx_word' id='word_1_964' title='bbox 2230 670 2263 700; x_wconf 67' lang='grc' dir='ltr'>ὃς</span> <span class='ocrx_word' id='word_1_965' title='bbox 2279 670 2328 700; x_wconf 88' lang='lat' dir='ltr'>ubi</span> 
     </span>
     <span class='ocr_line' id='line_1_122' title="bbox 1270 694 2327 743; baseline 0.014 -20"><span class='ocrx_word' id='word_1_966' title='bbox 1270 694 1411 725; x_wconf 87' lang='lat' dir='ltr'>voluerint</span> <span class='ocrx_word' id='word_1_967' title='bbox 1425 696 1458 726; x_wconf 91' lang='lat'>&amp;</span> <span class='ocrx_word' id='word_1_968' title='bbox 1471 696 1553 726; x_wconf 88' lang='lat' dir='ltr'>fuerit</span> <span class='ocrx_word' id='word_1_969' title='bbox 1569 697 1751 736; x_wconf 70' lang='lat' dir='ltr'>faciendum,</span> <span class='ocrx_word' id='word_1_970' title='bbox 1768 700 1786 729; x_wconf 89' lang='lat' dir='ltr'>si</span> <span class='ocrx_word' id='word_1_971' title='bbox 1798 700 1877 731; x_wconf 66' lang='lat' dir='ltr'>dieto</span> <span class='ocrx_word' id='word_1_972' title='bbox 1893 701 2020 740; x_wconf 88' lang='lat' dir='ltr'>Principi</span> <span class='ocrx_word' id='word_1_973' title='bbox 2037 715 2095 735; x_wconf 90' lang='lat' dir='ltr'>non</span> <span class='ocrx_word' id='word_1_974' title='bbox 2117 706 2213 743; x_wconf 83' lang='lat' dir='ltr'>fuerit,</span> <span class='ocrx_word' id='word_1_975' title='bbox 2233 707 2269 736; x_wconf 88' lang='lat' dir='ltr'>de</span> <span class='ocrx_word' id='word_1_976' title='bbox 2282 707 2327 737; x_wconf 90' lang='lat' dir='ltr'>di-</span> 
     </span>
    </p>
   </div>
   <div class='ocr_carea' id='block_1_14' title="bbox 1250 731 2327 784">
    <p class='ocr_par' dir='ltr' id='par_1_30' title="bbox 1250 731 2327 784">
     <span class='ocr_line' id='line_1_123' title="bbox 1250 731 2327 784; baseline 0.015 -24"><span class='ocrx_word' id='word_1_977' title='bbox 1250 765 1252 770; x_wconf 20' lang='lat'><em>!</em></span> <span class='ocrx_word' id='word_1_978' title='bbox 1271 731 1316 761; x_wconf 67' lang='lat' dir='ltr'>&amp;a</span> <span class='ocrx_word' id='word_1_979' title='bbox 1330 732 1399 762; x_wconf 85' lang='lat' dir='ltr'>Auri</span> <span class='ocrx_word' id='word_1_980' title='bbox 1412 733 1547 771; x_wconf 88' lang='lat' dir='ltr'>Summa,</span> <span class='ocrx_word' id='word_1_981' title='bbox 1559 735 1636 773; x_wconf 84' lang='lat' dir='ltr'>juxta</span> <span class='ocrx_word' id='word_1_982' title='bbox 1650 745 1779 767; x_wconf 87' lang='lat' dir='ltr'>tenorem</span> <span class='ocrx_word' id='word_1_983' title='bbox 1792 738 1968 775; x_wconf 75' lang='lat' dir='ltr'>praesentium</span> <span class='ocrx_word' id='word_1_984' title='bbox 1992 742 2177 783; x_wconf 85' lang='lat' dir='ltr'>Litterarum,</span> <span class='ocrx_word' id='word_1_985' title='bbox 2193 744 2277 784; x_wconf 81' lang='lat' dir='ltr'>plene</span> <span class='ocrx_word' id='word_1_986' title='bbox 2292 746 2327 776; x_wconf 88' lang='lat'>&amp;</span> 
     </span>
    </p>
   </div>
   <div class='ocr_carea' id='block_1_15' title="bbox 1261 770 2330 1931">
    <p class='ocr_par' dir='ltr' id='par_1_31' title="bbox 1269 770 1573 810">
     <span class='ocr_line' id='line_1_124' title="bbox 1269 770 1573 810; baseline 0.013 -11"><span class='ocrx_word' id='word_1_987' title='bbox 1269 770 1377 808; x_wconf 82' lang='lat' dir='ltr'>integre</span> <span class='ocrx_word' id='word_1_988' title='bbox 1392 771 1573 810; x_wconf 69' lang='lat' dir='ltr'>fatisfactum,</span> 
     </span>
    </p>

    <p class='ocr_par' dir='ltr' id='par_1_32' title="bbox 1267 807 2328 964">
     <span class='ocr_line' id='line_1_125' title="bbox 1302 807 2328 859; baseline 0.017 -23"><span class='ocrx_word' id='word_1_989' title='bbox 1302 807 1341 851; x_wconf 69' lang='lat' dir='ltr'>iit</span> <span class='ocrx_word' id='word_1_990' title='bbox 1355 809 1458 847; x_wconf 89' lang='lat' dir='ltr'>alium,</span> <span class='ocrx_word' id='word_1_991' title='bbox 1477 810 1522 840; x_wconf 93' lang='lat' dir='ltr'>vel</span> <span class='ocrx_word' id='word_1_992' title='bbox 1535 811 1603 840; x_wconf 89' lang='lat' dir='ltr'>alios</span> <span class='ocrx_word' id='word_1_993' title='bbox 1638 809 1873 850; x_wconf 85' lang='lat' dir='ltr'>Procuratorem,</span> <span class='ocrx_word' id='word_1_994' title='bbox 1900 815 1945 846; x_wconf 94' lang='lat' dir='ltr'>vel</span> <span class='ocrx_word' id='word_1_995' title='bbox 1968 816 2177 858; x_wconf 85' lang='lat' dir='ltr'>Procuratores,</span> <span class='ocrx_word' id='word_1_996' title='bbox 2204 822 2232 851; x_wconf 93' lang='lat' dir='ltr'>in</span> <span class='ocrx_word' id='word_1_997' title='bbox 2255 831 2328 859; x_wconf 87' lang='lat' dir='ltr'>prae-</span> 
     </span>
     <span class='ocr_line' id='line_1_126' title="bbox 1268 833 2327 899; baseline 0.016 -25"><span class='ocrx_word' id='word_1_998' title='bbox 1268 846 1369 889; x_wconf 78' lang='lat' dir='ltr'>rniffis,</span> <span class='ocrx_word' id='word_1_999' title='bbox 1387 847 1421 877; x_wconf 91' lang='lat'>&amp;</span> <span class='ocrx_word' id='word_1_1000' title='bbox 1435 847 1469 877; x_wconf 91' lang='lat' dir='ltr'>ad</span> <span class='ocrx_word' id='word_1_1001' title='bbox 1484 833 1784 893; x_wconf 21' lang='lat' dir='ltr'>praemislssffisemeli&amp;</span> <span class='ocrx_word' id='word_1_1002' title='bbox 1796 852 1895 889; x_wconf 88' lang='lat' dir='ltr'>pluries</span> <span class='ocrx_word' id='word_1_1003' title='bbox 1908 853 2130 887; x_wconf 84' lang='lat' dir='ltr'>substituendum</span> <span class='ocrx_word' id='word_1_1004' title='bbox 2139 859 2205 896; x_wconf 90' lang='lat' dir='ltr'>,qui</span> <span class='ocrx_word' id='word_1_1005' title='bbox 2219 860 2247 889; x_wconf 87' lang='lat' dir='ltr'>iri</span> <span class='ocrx_word' id='word_1_1006' title='bbox 2256 869 2327 899; x_wconf 85' lang='lat' dir='ltr'>prae-</span> 
     </span>
     <span class='ocr_line' id='line_1_127' title="bbox 1268 883 2326 934; baseline 0.016 -22"><span class='ocrx_word' id='word_1_1007' title='bbox 1268 883 1370 922; x_wconf 73' lang='lat' dir='ltr'>millis,</span> <span class='ocrx_word' id='word_1_1008' title='bbox 1389 886 1422 916; x_wconf 79' lang='grc' dir='ltr'>δε</span> <span class='ocrx_word' id='word_1_1009' title='bbox 1438 895 1539 916; x_wconf 89' lang='lat' dir='ltr'>eorum</span> <span class='ocrx_word' id='word_1_1010' title='bbox 1554 888 1716 927; x_wconf 84' lang='lat' dir='ltr'>quodlibet,</span> <span class='ocrx_word' id='word_1_1011' title='bbox 1735 891 1853 920; x_wconf 76' lang='lat' dir='ltr'>similem</span> <span class='ocrx_word' id='word_1_1012' title='bbox 1872 892 1905 922; x_wconf 65' lang='grc' dir='ltr'>ὃς</span> <span class='ocrx_word' id='word_1_1013' title='bbox 1924 895 2053 924; x_wconf 84' lang='lat' dir='ltr'>eamdem</span> <span class='ocrx_word' id='word_1_1014' title='bbox 2075 896 2192 934; x_wconf 84' lang='lat' dir='ltr'>habeat,</span> <span class='ocrx_word' id='word_1_1015' title='bbox 2215 898 2259 928; x_wconf 67' lang='lat' dir='ltr'>stu</span> <span class='ocrx_word' id='word_1_1016' title='bbox 2277 899 2326 928; x_wconf 84' lang='lat' dir='ltr'>ha-</span> 
     </span>
     <span class='ocr_line' id='line_1_128' title="bbox 1267 921 1575 964; baseline 0.016 -14"><span class='ocrx_word' id='word_1_1017' title='bbox 1267 921 1369 961; x_wconf 90' lang='lat' dir='ltr'>beant,</span> <span class='ocrx_word' id='word_1_1018' title='bbox 1388 922 1575 964; x_wconf 86' lang='lat' dir='ltr'>Potestatem,</span> 
     </span>
    </p>

    <p class='ocr_par' dir='ltr' id='par_1_33' title="bbox 1266 959 2330 1157">
     <span class='ocr_line' id='line_1_129' title="bbox 1305 959 2325 1013; baseline 0.014 -23"><span class='ocrx_word' id='word_1_1019' title='bbox 1305 959 1517 1006; x_wconf 24' lang='lat' dir='ltr'>Etrgeneraliter</span> <span class='ocrx_word' id='word_1_1020' title='bbox 1528 964 1562 994; x_wconf 90' lang='lat' dir='ltr'>ad</span> <span class='ocrx_word' id='word_1_1021' title='bbox 1575 964 1674 995; x_wconf 89' lang='lat' dir='ltr'>omnia</span> <span class='ocrx_word' id='word_1_1022' title='bbox 1686 964 1736 995; x_wconf 90' lang='lat' dir='ltr'>alia</span> <span class='ocrx_word' id='word_1_1023' title='bbox 1749 967 1782 997; x_wconf 73' lang='grc' dir='ltr'>ὃς</span> <span class='ocrx_word' id='word_1_1024' title='bbox 1798 966 1903 1004; x_wconf 85' lang='lat' dir='ltr'>fingula</span> <span class='ocrx_word' id='word_1_1025' title='bbox 1911 968 2071 1001; x_wconf 88' lang='lat' dir='ltr'>faciendum</span> <span class='ocrx_word' id='word_1_1026' title='bbox 2079 972 2112 1001; x_wconf 73' lang='grc' dir='ltr'>δε</span> <span class='ocrx_word' id='word_1_1027' title='bbox 2123 974 2325 1013; x_wconf 82' lang='lat' dir='ltr'>exercendum,</span> 
     </span>
     <span class='ocr_line' id='line_1_130' title="bbox 1266 999 2330 1050; baseline 0.015 -23"><span class='ocrx_word' id='word_1_1028' title='bbox 1266 1007 1372 1042; x_wconf 42' lang='lat' dir='ltr'>quae&#39;in</span> <span class='ocrx_word' id='word_1_1029' title='bbox 1386 999 1548 1045; x_wconf 74' lang='lat' dir='ltr'>praemissis,</span> <span class='ocrx_word' id='word_1_1030' title='bbox 1565 1002 1600 1032; x_wconf 74' lang='grc' dir='ltr'>δε</span> <span class='ocrx_word' id='word_1_1031' title='bbox 1617 1004 1692 1046; x_wconf 83' lang='lat' dir='ltr'>circa</span> <span class='ocrx_word' id='word_1_1032' title='bbox 1715 1005 1852 1041; x_wconf 81' lang='lat' dir='ltr'>praemissa</span> <span class='ocrx_word' id='word_1_1033' title='bbox 1864 1028 1874 1043; x_wconf 88' lang='lat'>,</span> <span class='ocrx_word' id='word_1_1034' title='bbox 1893 1007 1926 1037; x_wconf 74' lang='grc' dir='ltr'>δε</span> <span class='ocrx_word' id='word_1_1035' title='bbox 1946 1008 2074 1045; x_wconf 84' lang='lat' dir='ltr'>quolibet</span> <span class='ocrx_word' id='word_1_1036' title='bbox 2094 1012 2302 1048; x_wconf 81' lang='lat' dir='ltr'>praemifforum</span> <span class='ocrx_word' id='word_1_1037' title='bbox 2320 1036 2330 1050; x_wconf 92' lang='lat'>,</span> 
     </span>
     <span class='ocr_line' id='line_1_131' title="bbox 1266 1036 2326 1090; baseline 0.013 -24"><span class='ocrx_word' id='word_1_1038' title='bbox 1266 1036 1370 1081; x_wconf 82' lang='lat' dir='ltr'>fuerint</span> <span class='ocrx_word' id='word_1_1039' title='bbox 1385 1039 1533 1083; x_wconf 78' lang='lat' dir='ltr'>necessaria</span> <span class='ocrx_word' id='word_1_1040' title='bbox 1545 1039 1591 1070; x_wconf 88' lang='lat' dir='ltr'>seii</span> <span class='ocrx_word' id='word_1_1041' title='bbox 1605 1050 1689 1071; x_wconf 90' lang='lat' dir='ltr'>etiam</span> <span class='ocrx_word' id='word_1_1042' title='bbox 1703 1051 1879 1083; x_wconf 87' lang='lat' dir='ltr'>opportuna,</span> <span class='ocrx_word' id='word_1_1043' title='bbox 1897 1046 1981 1076; x_wconf 82' lang='lat' dir='ltr'>etiam</span> <span class='ocrx_word' id='word_1_1044' title='bbox 1997 1047 2026 1076; x_wconf 64' lang='lat' dir='ltr'>si*</span> <span class='ocrx_word' id='word_1_1045' title='bbox 2042 1047 2215 1079; x_wconf 85' lang='lat' dir='ltr'>Mandatum</span> <span class='ocrx_word' id='word_1_1046' title='bbox 2237 1052 2326 1090; x_wconf 82' lang='lat' dir='ltr'>magis</span> 
     </span>
     <span class='ocr_line' id='line_1_132' title="bbox 1267 1076 2324 1126; baseline 0.013 -21"><span class='ocrx_word' id='word_1_1047' title='bbox 1267 1084 1377 1120; x_wconf 78' lang='lat' dir='ltr'>exigant</span> <span class='ocrx_word' id='word_1_1048' title='bbox 1391 1076 1526 1116; x_wconf 84' lang='lat' dir='ltr'>speciale,</span> <span class='ocrx_word' id='word_1_1049' title='bbox 1542 1079 1575 1109; x_wconf 91' lang='lat'>&amp;</span> <span class='ocrx_word' id='word_1_1050' title='bbox 1589 1089 1653 1117; x_wconf 86' lang='lat' dir='ltr'>quae</span> <span class='ocrx_word' id='word_1_1051' title='bbox 1666 1080 1733 1110; x_wconf 90' lang='lat' dir='ltr'>Nos</span> <span class='ocrx_word' id='word_1_1052' title='bbox 1754 1081 1910 1112; x_wconf 88' lang='lat' dir='ltr'>faceremus</span> <span class='ocrx_word' id='word_1_1053' title='bbox 1924 1107 1934 1121; x_wconf 95' lang='lat'>,</span> <span class='ocrx_word' id='word_1_1054' title='bbox 1958 1086 1991 1114; x_wconf 68' lang='grc' dir='ltr'>ὃς</span> <span class='ocrx_word' id='word_1_1055' title='bbox 2010 1085 2103 1116; x_wconf 90' lang='lat' dir='ltr'>facere</span> <span class='ocrx_word' id='word_1_1056' title='bbox 2124 1087 2286 1126; x_wconf 74' lang='lat' dir='ltr'>possemuS,</span> <span class='ocrx_word' id='word_1_1057' title='bbox 2305 1089 2324 1119; x_wconf 88' lang='lat' dir='ltr'>si</span> 
     </span>
     <span class='ocr_line' id='line_1_133' title="bbox 1266 1114 1783 1157; baseline 0.014 -14"><span class='ocrx_word' id='word_1_1058' title='bbox 1266 1123 1297 1143; x_wconf 90' lang='lat' dir='ltr'>in</span> <span class='ocrx_word' id='word_1_1059' title='bbox 1312 1114 1362 1144; x_wconf 90' lang='lat' dir='ltr'>illis</span> <span class='ocrx_word' id='word_1_1060' title='bbox 1381 1116 1558 1152; x_wconf 83' lang='lat' dir='ltr'>personaliter</span> <span class='ocrx_word' id='word_1_1061' title='bbox 1571 1118 1783 1157; x_wconf 75' lang='lat' dir='ltr'>interessemus,</span> 
     </span>
    </p>

    <p class='ocr_par' dir='ltr' id='par_1_34' title="bbox 1306 1151 2328 1198">
     <span class='ocr_line' id='line_1_134' title="bbox 1306 1151 2328 1198; baseline 0.014 -16"><span class='ocrx_word' id='word_1_1062' title='bbox 1306 1151 1479 1198; x_wconf 40' lang='lat' dir='ltr'>Dantes·&amp;,</span> <span class='ocrx_word' id='word_1_1063' title='bbox 1496 1164 1594 1186; x_wconf 91' lang='lat' dir='ltr'>tenore</span> <span class='ocrx_word' id='word_1_1064' title='bbox 1608 1157 1806 1196; x_wconf 71' lang='lat' dir='ltr'>praesentium,</span> <span class='ocrx_word' id='word_1_1065' title='bbox 1821 1160 2012 1191; x_wconf 88' lang='lat' dir='ltr'>concedentes</span> <span class='ocrx_word' id='word_1_1066' title='bbox 2028 1161 2111 1192; x_wconf 65' lang='lat' dir='ltr'>dietis</span> <span class='ocrx_word' id='word_1_1067' title='bbox 2133 1162 2328 1196; x_wconf 81' lang='lat' dir='ltr'>procuratori-</span> 
     </span>
    </p>

    <p class='ocr_par' dir='ltr' id='par_1_35' title="bbox 1265 1191 2328 1504">
     <span class='ocr_line' id='line_1_135' title="bbox 1267 1191 2323 1240; baseline 0.012 -19"><span class='ocrx_word' id='word_1_1068' title='bbox 1267 1191 1450 1236; x_wconf 43' lang='lat' dir='ltr'>bus-nostris,</span> <span class='ocrx_word' id='word_1_1069' title='bbox 1465 1194 1499 1224; x_wconf 89' lang='lat'>&amp;</span> <span class='ocrx_word' id='word_1_1070' title='bbox 1512 1193 1716 1225; x_wconf 88' lang='lat' dir='ltr'>Substituendis</span> <span class='ocrx_word' id='word_1_1071' title='bbox 1729 1198 1766 1226; x_wconf 89' lang='lat' dir='ltr'>ab</span> <span class='ocrx_word' id='word_1_1072' title='bbox 1778 1197 1856 1235; x_wconf 80' lang='lat' dir='ltr'>ipsis,</span> <span class='ocrx_word' id='word_1_1073' title='bbox 1876 1199 1918 1228; x_wconf 89' lang='lat' dir='ltr'>vel</span> <span class='ocrx_word' id='word_1_1074' title='bbox 1933 1209 2034 1229; x_wconf 89' lang='lat' dir='ltr'>eorum</span> <span class='ocrx_word' id='word_1_1075' title='bbox 2050 1201 2136 1232; x_wconf 88' lang='lat' dir='ltr'>altero</span> <span class='ocrx_word' id='word_1_1076' title='bbox 2146 1225 2155 1240; x_wconf 93' lang='lat'>,</span> <span class='ocrx_word' id='word_1_1077' title='bbox 2173 1203 2207 1233; x_wconf 86' lang='lat'><strong>&amp;</strong></span> <span class='ocrx_word' id='word_1_1078' title='bbox 2221 1213 2323 1234; x_wconf 87' lang='lat' dir='ltr'>eorum</span> 
     </span>
     <span class='ocr_line' id='line_1_136' title="bbox 1267 1229 2328 1274; baseline 0.014 -16"><span class='ocrx_word' id='word_1_1079' title='bbox 1267 1229 1381 1272; x_wconf 77' lang='lat' dir='ltr'>cuilibet</span> <span class='ocrx_word' id='word_1_1080' title='bbox 1396 1231 1573 1274; x_wconf 76' lang='lat' dir='ltr'>insolidum,</span> <span class='ocrx_word' id='word_1_1081' title='bbox 1590 1234 1701 1272; x_wconf 85' lang='lat' dir='ltr'>plenam</span> <span class='ocrx_word' id='word_1_1082' title='bbox 1716 1235 1749 1264; x_wconf 90' lang='lat'>&amp;</span> <span class='ocrx_word' id='word_1_1083' title='bbox 1770 1235 1886 1266; x_wconf 86' lang='lat' dir='ltr'>liberam</span> <span class='ocrx_word' id='word_1_1084' title='bbox 1907 1236 2078 1269; x_wconf 88' lang='lat' dir='ltr'>Potestatern</span> <span class='ocrx_word' id='word_1_1085' title='bbox 2100 1240 2132 1270; x_wconf 90' lang='lat'>&amp;</span> <span class='ocrx_word' id='word_1_1086' title='bbox 2154 1240 2328 1273; x_wconf 87' lang='lat' dir='ltr'>Mandatum</span> 
     </span>
     <span class='ocr_line' id='line_1_137' title="bbox 1267 1268 1926 1312; baseline 0.014 -16"><span class='ocrx_word' id='word_1_1087' title='bbox 1267 1268 1382 1306; x_wconf 72' lang='lat' dir='ltr'>speciale</span> <span class='ocrx_word' id='word_1_1088' title='bbox 1394 1279 1423 1298; x_wconf 91' lang='lat' dir='ltr'>in</span> <span class='ocrx_word' id='word_1_1089' title='bbox 1435 1272 1568 1301; x_wconf 88' lang='lat' dir='ltr'>omnibus</span> <span class='ocrx_word' id='word_1_1090' title='bbox 1582 1273 1615 1303; x_wconf 92' lang='lat'>&amp;</span> <span class='ocrx_word' id='word_1_1091' title='bbox 1631 1272 1745 1309; x_wconf 85' lang='lat' dir='ltr'>singulis</span> <span class='ocrx_word' id='word_1_1092' title='bbox 1757 1273 1926 1312; x_wconf 72' lang='lat' dir='ltr'>supradiCris:</span> 
     </span>
     <span class='ocr_line' id='line_1_138' title="bbox 1268 1305 2321 1356; baseline 0.014 -21"><span class='ocrx_word' id='word_1_1093' title='bbox 1268 1344 1273 1350; x_wconf 45' lang='lat'><em>·</em></span> <span class='ocrx_word' id='word_1_1094' title='bbox 1303 1305 1501 1351; x_wconf 75' lang='lat' dir='ltr'>Promittentes</span> <span class='ocrx_word' id='word_1_1095' title='bbox 1514 1318 1623 1348; x_wconf 91' lang='lat' dir='ltr'>ratum,</span> <span class='ocrx_word' id='word_1_1096' title='bbox 1641 1319 1765 1350; x_wconf 87' lang='lat' dir='ltr'>gratum,</span> <span class='ocrx_word' id='word_1_1097' title='bbox 1784 1313 1817 1343; x_wconf 89' lang='lat'>&amp;</span> <span class='ocrx_word' id='word_1_1098' title='bbox 1835 1312 1950 1344; x_wconf 86' lang='lat' dir='ltr'>firmum</span> <span class='ocrx_word' id='word_1_1099' title='bbox 1967 1314 2068 1346; x_wconf 85' lang='lat' dir='ltr'>habere</span> <span class='ocrx_word' id='word_1_1100' title='bbox 2082 1317 2116 1347; x_wconf 91' lang='lat'>&amp;</span> <span class='ocrx_word' id='word_1_1101' title='bbox 2139 1326 2234 1348; x_wconf 88' lang='lat' dir='ltr'>tenere</span> <span class='ocrx_word' id='word_1_1102' title='bbox 2251 1341 2260 1356; x_wconf 86' lang='lat'>,</span> <span class='ocrx_word' id='word_1_1103' title='bbox 2286 1328 2321 1350; x_wconf 88' lang='lat' dir='ltr'>ac</span> 
     </span>
     <span class='ocr_line' id='line_1_139' title="bbox 1265 1345 2321 1391; baseline 0.014 -18"><span class='ocrx_word' id='word_1_1104' title='bbox 1265 1345 1463 1377; x_wconf 84' lang='lat' dir='ltr'>inviolabiliter</span> <span class='ocrx_word' id='word_1_1105' title='bbox 1476 1347 1637 1387; x_wconf 87' lang='lat' dir='ltr'>observare,</span> <span class='ocrx_word' id='word_1_1106' title='bbox 1652 1358 1745 1380; x_wconf 89' lang='lat' dir='ltr'>totum</span> <span class='ocrx_word' id='word_1_1107' title='bbox 1759 1351 1793 1381; x_wconf 86' lang='lat'>&amp;</span> <span class='ocrx_word' id='word_1_1108' title='bbox 1807 1352 1940 1390; x_wconf 86' lang='lat' dir='ltr'>quicquid</span> <span class='ocrx_word' id='word_1_1109' title='bbox 1962 1363 2011 1391; x_wconf 90' lang='lat' dir='ltr'>per</span> <span class='ocrx_word' id='word_1_1110' title='bbox 2034 1354 2126 1385; x_wconf 64' lang='lat' dir='ltr'>distes</span> <span class='ocrx_word' id='word_1_1111' title='bbox 2150 1355 2321 1389; x_wconf 90' lang='lat' dir='ltr'>Procurato-</span> 
     </span>
     <span class='ocr_line' id='line_1_140' title="bbox 1268 1383 2326 1435; baseline 0.014 -23"><span class='ocrx_word' id='word_1_1112' title='bbox 1268 1392 1310 1412; x_wconf 89' lang='lat' dir='ltr'>res</span> <span class='ocrx_word' id='word_1_1113' title='bbox 1323 1383 1452 1423; x_wconf 91' lang='lat' dir='ltr'>nostros,</span> <span class='ocrx_word' id='word_1_1114' title='bbox 1472 1386 1505 1416; x_wconf 89' lang='lat'>&amp;</span> <span class='ocrx_word' id='word_1_1115' title='bbox 1523 1385 1753 1426; x_wconf 84' lang='lat' dir='ltr'>Substituendos,</span> <span class='ocrx_word' id='word_1_1116' title='bbox 1771 1389 1817 1419; x_wconf 82' lang='lat' dir='ltr'>vel</span> <span class='ocrx_word' id='word_1_1117' title='bbox 1840 1391 1960 1428; x_wconf 91' lang='lat' dir='ltr'>aliquem</span> <span class='ocrx_word' id='word_1_1118' title='bbox 1979 1391 2103 1432; x_wconf 88' lang='lat' dir='ltr'>ipsorum</span> <span class='ocrx_word' id='word_1_1119' title='bbox 2145 1395 2258 1434; x_wconf 63' lang='lat' dir='ltr'>actum,</span> <span class='ocrx_word' id='word_1_1120' title='bbox 2277 1405 2326 1435; x_wconf 86' lang='lat' dir='ltr'>ge-</span> 
     </span>
     <span class='ocr_line' id='line_1_141' title="bbox 1266 1416 2326 1472; baseline 0.015 -22"><span class='ocrx_word' id='word_1_1121' title='bbox 1266 1420 1342 1451; x_wconf 90' lang='lat' dir='ltr'>stum</span> <span class='ocrx_word' id='word_1_1122' title='bbox 1351 1444 1367 1465; x_wconf 69' lang='lat'>³.</span> <span class='ocrx_word' id='word_1_1123' title='bbox 1379 1423 1570 1467; x_wconf 73' lang='lat' dir='ltr'>confessarum</span> <span class='ocrx_word' id='word_1_1124' title='bbox 1579 1448 1589 1462; x_wconf 93' lang='lat'>,</span> <span class='ocrx_word' id='word_1_1125' title='bbox 1608 1424 1837 1470; x_wconf 84' lang='lat' dir='ltr'>Recognitumve</span> <span class='ocrx_word' id='word_1_1126' title='bbox 1851 1429 1933 1459; x_wconf 89' lang='lat' dir='ltr'>fuerit</span> <span class='ocrx_word' id='word_1_1127' title='bbox 1950 1431 1978 1459; x_wconf 90' lang='lat' dir='ltr'>in</span> <span class='ocrx_word' id='word_1_1128' title='bbox 1993 1416 2138 1468; x_wconf 66' lang='lat' dir='ltr'>praemissis</span> <span class='ocrx_word' id='word_1_1129' title='bbox 2152 1434 2185 1464; x_wconf 92' lang='lat'>&amp;</span> <span class='ocrx_word' id='word_1_1130' title='bbox 2199 1435 2326 1472; x_wconf 90' lang='lat' dir='ltr'>quolibet</span> 
     </span>
     <span class='ocr_line' id='line_1_142' title="bbox 1268 1459 2267 1504; baseline 0.014 -16"><span class='ocrx_word' id='word_1_1131' title='bbox 1268 1459 1495 1504; x_wconf 82' lang='lat' dir='ltr'>praemifforum,</span> <span class='ocrx_word' id='word_1_1132' title='bbox 1514 1464 1563 1492; x_wconf 84' lang='lat' dir='ltr'>iub</span> <span class='ocrx_word' id='word_1_1133' title='bbox 1577 1463 1760 1503; x_wconf 88' lang='lat' dir='ltr'>Obligatione</span> <span class='ocrx_word' id='word_1_1134' title='bbox 1771 1467 1903 1497; x_wconf 90' lang='lat' dir='ltr'>omnium</span> <span class='ocrx_word' id='word_1_1135' title='bbox 1925 1467 2071 1499; x_wconf 90' lang='lat' dir='ltr'>Bonorum</span> <span class='ocrx_word' id='word_1_1136' title='bbox 2094 1470 2267 1503; x_wconf 90' lang='lat' dir='ltr'>nostrorum.</span> 
     </span>
    </p>

    <p class='ocr_par' dir='ltr' id='par_1_36' title="bbox 1265 1497 2328 1657">
     <span class='ocr_line' id='line_1_143' title="bbox 1302 1497 2326 1547; baseline 0.016 -20"><span class='ocrx_word' id='word_1_1137' title='bbox 1302 1497 1338 1528; x_wconf 90' lang='lat' dir='ltr'>Et</span> <span class='ocrx_word' id='word_1_1138' title='bbox 1346 1508 1491 1543; x_wconf 72' lang='lat' dir='ltr'>juramus,</span> <span class='ocrx_word' id='word_1_1139' title='bbox 1509 1500 1543 1530; x_wconf 93' lang='lat' dir='ltr'>ad</span> <span class='ocrx_word' id='word_1_1140' title='bbox 1556 1501 1658 1532; x_wconf 59' lang='lat' dir='ltr'>&amp;indta</span> <span class='ocrx_word' id='word_1_1141' title='bbox 1670 1502 1729 1532; x_wconf 91' lang='lat' dir='ltr'>Dei</span> <span class='ocrx_word' id='word_1_1142' title='bbox 1742 1503 1902 1544; x_wconf 82' lang='lat' dir='ltr'>Ewangelia</span> <span class='ocrx_word' id='word_1_1143' title='bbox 1917 1529 1926 1542; x_wconf 92' lang='lat'>,</span> <span class='ocrx_word' id='word_1_1144' title='bbox 1945 1507 2123 1545; x_wconf 89' lang='lat' dir='ltr'>corporaliter</span> <span class='ocrx_word' id='word_1_1145' title='bbox 2138 1519 2187 1547; x_wconf 87' lang='lat' dir='ltr'>per</span> <span class='ocrx_word' id='word_1_1146' title='bbox 2209 1521 2263 1542; x_wconf 88' lang='lat' dir='ltr'>nos</span> <span class='ocrx_word' id='word_1_1147' title='bbox 2286 1521 2326 1543; x_wconf 86' lang='lat' dir='ltr'>ta-</span> 
     </span>
     <span class='ocr_line' id='line_1_144' title="bbox 1267 1535 2327 1584; baseline 0.013 -18"><span class='ocrx_word' id='word_1_1148' title='bbox 1267 1535 1330 1580; x_wconf 59' lang='lat' dir='ltr'>cta,</span> <span class='ocrx_word' id='word_1_1149' title='bbox 1348 1538 1500 1576; x_wconf 65' lang='lat' dir='ltr'>praedictos</span> <span class='ocrx_word' id='word_1_1150' title='bbox 1513 1538 1712 1571; x_wconf 86' lang='lat' dir='ltr'>Procuratores</span> <span class='ocrx_word' id='word_1_1151' title='bbox 1726 1541 1850 1580; x_wconf 92' lang='lat' dir='ltr'>nostros,</span> <span class='ocrx_word' id='word_1_1152' title='bbox 1866 1545 1898 1574; x_wconf 68' lang='grc' dir='ltr'>ὃ(</span> <span class='ocrx_word' id='word_1_1153' title='bbox 1913 1540 2145 1584; x_wconf 75' lang='lat' dir='ltr'>substituendos,</span> <span class='ocrx_word' id='word_1_1154' title='bbox 2164 1549 2209 1578; x_wconf 91' lang='lat' dir='ltr'>vel</span> <span class='ocrx_word' id='word_1_1155' title='bbox 2224 1559 2327 1581; x_wconf 88' lang='lat' dir='ltr'>eorum</span> 
     </span>
     <span class='ocr_line' id='line_1_145' title="bbox 1265 1573 2328 1629; baseline 0.014 -25"><span class='ocrx_word' id='word_1_1156' title='bbox 1265 1573 1403 1614; x_wconf 90' lang='lat' dir='ltr'>aliquem,</span> <span class='ocrx_word' id='word_1_1157' title='bbox 1421 1578 1630 1620; x_wconf 84' lang='lat' dir='ltr'>quoquomodo</span> <span class='ocrx_word' id='word_1_1158' title='bbox 1643 1580 1765 1610; x_wconf 79' lang='lat' dir='ltr'>minime</span> <span class='ocrx_word' id='word_1_1159' title='bbox 1780 1590 1912 1612; x_wconf 90' lang='lat' dir='ltr'>revocare</span> <span class='ocrx_word' id='word_1_1160' title='bbox 1928 1607 1937 1620; x_wconf 90' lang='lat'>,</span> <span class='ocrx_word' id='word_1_1161' title='bbox 1961 1592 2016 1612; x_wconf 90' lang='lat' dir='ltr'>nec</span> <span class='ocrx_word' id='word_1_1162' title='bbox 2041 1593 2138 1615; x_wconf 86' lang='lat' dir='ltr'>contra</span> <span class='ocrx_word' id='word_1_1163' title='bbox 2159 1588 2299 1623; x_wconf 83' lang='lat' dir='ltr'>praemiffa</span> <span class='ocrx_word' id='word_1_1164' title='bbox 2316 1611 2328 1629; x_wconf 88' lang='lat'>,</span> 
     </span>
     <span class='ocr_line' id='line_1_146' title="bbox 1265 1614 2194 1657; baseline 0.011 -14"><span class='ocrx_word' id='word_1_1165' title='bbox 1265 1614 1311 1643; x_wconf 90' lang='lat' dir='ltr'>vel</span> <span class='ocrx_word' id='word_1_1166' title='bbox 1324 1623 1428 1645; x_wconf 90' lang='lat' dir='ltr'>eorum</span> <span class='ocrx_word' id='word_1_1167' title='bbox 1441 1615 1528 1655; x_wconf 90' lang='lat' dir='ltr'>aliqua</span> <span class='ocrx_word' id='word_1_1168' title='bbox 1537 1638 1547 1654; x_wconf 88' lang='lat'>,</span> <span class='ocrx_word' id='word_1_1169' title='bbox 1562 1615 1597 1647; x_wconf 91' lang='lat' dir='ltr'>de</span> <span class='ocrx_word' id='word_1_1170' title='bbox 1604 1616 1674 1655; x_wconf 88' lang='lat' dir='ltr'>Jure</span> <span class='ocrx_word' id='word_1_1171' title='bbox 1687 1617 1733 1648; x_wconf 89' lang='lat' dir='ltr'>vel</span> <span class='ocrx_word' id='word_1_1172' title='bbox 1748 1618 1785 1648; x_wconf 91' lang='lat' dir='ltr'>de</span> <span class='ocrx_word' id='word_1_1173' title='bbox 1798 1618 1900 1657; x_wconf 64' lang='lat' dir='ltr'>Facto,</span> <span class='ocrx_word' id='word_1_1174' title='bbox 1919 1622 2012 1651; x_wconf 73' lang='lat' dir='ltr'>facere</span> <span class='ocrx_word' id='word_1_1175' title='bbox 2025 1621 2072 1651; x_wconf 94' lang='lat' dir='ltr'>vel</span> <span class='ocrx_word' id='word_1_1176' title='bbox 2089 1624 2194 1653; x_wconf 90' lang='lat' dir='ltr'>venire.</span> 
     </span>
    </p>

    <p class='ocr_par' dir='ltr' id='par_1_37' title="bbox 1265 1651 2329 1812">
     <span class='ocr_line' id='line_1_147' title="bbox 1302 1651 2324 1703; baseline 0.012 -21"><span class='ocrx_word' id='word_1_1177' title='bbox 1302 1651 1336 1682; x_wconf 92' lang='lat' dir='ltr'>In</span> <span class='ocrx_word' id='word_1_1178' title='bbox 1348 1662 1471 1696; x_wconf 81' lang='lat' dir='ltr'>quorum</span> <span class='ocrx_word' id='word_1_1179' title='bbox 1485 1655 1616 1699; x_wconf 71' lang='lat' dir='ltr'>omniurn</span> <span class='ocrx_word' id='word_1_1180' title='bbox 1631 1657 1665 1686; x_wconf 87' lang='lat'>&amp;</span> <span class='ocrx_word' id='word_1_1181' title='bbox 1681 1656 1852 1696; x_wconf 80' lang='lat' dir='ltr'>singulorum</span> <span class='ocrx_word' id='word_1_1182' title='bbox 1867 1660 2074 1698; x_wconf 70' lang='lat' dir='ltr'>praemissorum</span> <span class='ocrx_word' id='word_1_1183' title='bbox 2096 1660 2324 1703; x_wconf 87' lang='lat' dir='ltr'>Testimonium,</span> 
     </span>
     <span class='ocr_line' id='line_1_148' title="bbox 1266 1691 2329 1735; baseline 0.011 -15"><span class='ocrx_word' id='word_1_1184' title='bbox 1266 1691 1300 1722; x_wconf 91' lang='lat'>&amp;</span> <span class='ocrx_word' id='word_1_1185' title='bbox 1313 1691 1348 1721; x_wconf 91' lang='lat' dir='ltr'>ad</span> <span class='ocrx_word' id='word_1_1186' title='bbox 1361 1692 1485 1729; x_wconf 87' lang='lat' dir='ltr'>ipsorum</span> <span class='ocrx_word' id='word_1_1187' title='bbox 1502 1703 1612 1729; x_wconf 76' lang='lat' dir='ltr'>maioris</span> <span class='ocrx_word' id='word_1_1188' title='bbox 1632 1693 1758 1726; x_wconf 89' lang='lat' dir='ltr'>Roboris</span> <span class='ocrx_word' id='word_1_1189' title='bbox 1777 1695 1936 1727; x_wconf 86' lang='lat' dir='ltr'>firmitatem</span> <span class='ocrx_word' id='word_1_1190' title='bbox 1953 1720 1963 1735; x_wconf 93' lang='lat'>,</span> <span class='ocrx_word' id='word_1_1191' title='bbox 1990 1697 2042 1728; x_wconf 89' lang='lat' dir='ltr'>hiis</span> <span class='ocrx_word' id='word_1_1192' title='bbox 2061 1699 2242 1735; x_wconf 81' lang='lat' dir='ltr'>praesentibus</span> <span class='ocrx_word' id='word_1_1193' title='bbox 2261 1702 2329 1733; x_wconf 88' lang='lat' dir='ltr'>Nos</span> 
     </span>
     <span class='ocr_line' id='line_1_149' title="bbox 1265 1730 2326 1775; baseline 0.012 -17"><span class='ocrx_word' id='word_1_1194' title='bbox 1265 1738 1351 1760; x_wconf 88' lang='lat' dir='ltr'>manu</span> <span class='ocrx_word' id='word_1_1195' title='bbox 1365 1730 1478 1774; x_wconf 70' lang='lat' dir='ltr'>propria</span> <span class='ocrx_word' id='word_1_1196' title='bbox 1491 1731 1696 1770; x_wconf 86' lang='lat' dir='ltr'>subscripsimus</span> <span class='ocrx_word' id='word_1_1197' title='bbox 1711 1756 1721 1771; x_wconf 94' lang='lat'>,</span> <span class='ocrx_word' id='word_1_1198' title='bbox 1747 1734 1781 1765; x_wconf 91' lang='lat'>&amp;</span> <span class='ocrx_word' id='word_1_1199' title='bbox 1802 1734 1907 1765; x_wconf 90' lang='lat' dir='ltr'>eisdem</span> <span class='ocrx_word' id='word_1_1200' title='bbox 1928 1736 2056 1775; x_wconf 87' lang='lat' dir='ltr'>Sigillum</span> <span class='ocrx_word' id='word_1_1201' title='bbox 2075 1737 2207 1769; x_wconf 89' lang='lat' dir='ltr'>nostrum</span> <span class='ocrx_word' id='word_1_1202' title='bbox 2228 1740 2326 1771; x_wconf 90' lang='lat' dir='ltr'>Plurn-</span> 
     </span>
     <span class='ocr_line' id='line_1_150' title="bbox 1265 1767 1915 1812; baseline 0.009 -15"><span class='ocrx_word' id='word_1_1203' title='bbox 1265 1767 1353 1798; x_wconf 86' lang='lat' dir='ltr'>beum</span> <span class='ocrx_word' id='word_1_1204' title='bbox 1369 1779 1397 1798; x_wconf 92' lang='lat' dir='ltr'>in</span> <span class='ocrx_word' id='word_1_1205' title='bbox 1410 1769 1545 1807; x_wconf 89' lang='lat' dir='ltr'>pendenti</span> <span class='ocrx_word' id='word_1_1206' title='bbox 1559 1769 1689 1801; x_wconf 86' lang='lat' dir='ltr'>duximus</span> <span class='ocrx_word' id='word_1_1207' title='bbox 1701 1773 1915 1812; x_wconf 88' lang='lat' dir='ltr'>apponendum,</span> 
     </span>
    </p>

    <p class='ocr_par' dir='ltr' id='par_1_38' title="bbox 1261 1805 2327 1931">
     <span class='ocr_line' id='line_1_151' title="bbox 1303 1805 2327 1853; baseline 0.013 -17"><span class='ocrx_word' id='word_1_1208' title='bbox 1303 1805 1457 1846; x_wconf 84' lang='lat' dir='ltr'>Volentes,</span> <span class='ocrx_word' id='word_1_1209' title='bbox 1475 1809 1508 1839; x_wconf 67' lang='grc' dir='ltr'>ὃ(</span> <span class='ocrx_word' id='word_1_1210' title='bbox 1523 1809 1728 1848; x_wconf 85' lang='lat' dir='ltr'>concedentes,</span> <span class='ocrx_word' id='word_1_1211' title='bbox 1746 1821 1779 1841; x_wconf 90' lang='lat' dir='ltr'>ac</span> <span class='ocrx_word' id='word_1_1212' title='bbox 1792 1812 1879 1842; x_wconf 84' lang='lat' dir='ltr'>etiarn</span> <span class='ocrx_word' id='word_1_1213' title='bbox 1894 1814 2063 1851; x_wconf 88' lang='lat' dir='ltr'>requirentes</span> <span class='ocrx_word' id='word_1_1214' title='bbox 2076 1814 2327 1853; x_wconf 79' lang='lat' dir='ltr'>vos,Ma‹ristrum</span> 
     </span>
     <span class='ocr_line' id='line_1_152' title="bbox 1261 1840 2324 1893; baseline 0.011 -19"><span class='ocrx_word' id='word_1_1215' title='bbox 1261 1843 1427 1891; x_wconf 38' lang='lat' dir='ltr'>J&#39;oljannem·</span> <span class='ocrx_word' id='word_1_1216' title='bbox 1441 1846 1476 1876; x_wconf 90' lang='lat' dir='ltr'>de</span> <span class='ocrx_word' id='word_1_1217' title='bbox 1489 1846 1633 1886; x_wconf 88' lang='lat' dir='ltr'>London,</span> <span class='ocrx_word' id='word_1_1218' title='bbox 1651 1847 1805 1879; x_wconf 86' lang='lat' dir='ltr'>Publicurn</span> <span class='ocrx_word' id='word_1_1219' title='bbox 1828 1850 1992 1881; x_wconf 69' lang='lat' dir='ltr'>auctoritate</span> <span class='ocrx_word' id='word_1_1220' title='bbox 2017 1851 2175 1884; x_wconf 86' lang='lat' dir='ltr'>Notarium</span> <span class='ocrx_word' id='word_1_1221' title='bbox 2195 1840 2324 1893; x_wconf 55' lang='lat' dir='ltr'>Aposto-</span> 
     </span>
     <span class='ocr_line' id='line_1_153' title="bbox 1265 1884 2325 1931; baseline 0.01 -18"><span class='ocrx_word' id='word_1_1222' title='bbox 1265 1885 1338 1921; x_wconf 88' lang='lat' dir='ltr'>lica,</span> <span class='ocrx_word' id='word_1_1223' title='bbox 1353 1892 1498 1928; x_wconf 77' lang='lat' dir='ltr'>quatinus,</span> <span class='ocrx_word' id='word_1_1224' title='bbox 1518 1884 1553 1915; x_wconf 86' lang='lat' dir='ltr'>ad</span> <span class='ocrx_word' id='word_1_1225' title='bbox 1575 1895 1737 1923; x_wconf 88' lang='lat' dir='ltr'>perpetuam</span> <span class='ocrx_word' id='word_1_1226' title='bbox 1759 1889 1894 1918; x_wconf 88' lang='lat' dir='ltr'>omnium</span> <span class='ocrx_word' id='word_1_1227' title='bbox 1914 1890 1946 1919; x_wconf 74' lang='grc' dir='ltr'>ὃ(</span> <span class='ocrx_word' id='word_1_1228' title='bbox 1971 1890 2142 1928; x_wconf 84' lang='lat' dir='ltr'>singulorum</span> <span class='ocrx_word' id='word_1_1229' title='bbox 2166 1894 2325 1931; x_wconf 82' lang='lat' dir='ltr'>praemisso-</span> 
     </span>
    </p>
   </div>
   <div class='ocr_carea' id='block_1_16' title="bbox 1264 1923 2432 2013">
    <p class='ocr_par' dir='ltr' id='par_1_39' title="bbox 1264 1923 2432 2013">
     <span class='ocr_line' id='line_1_154' title="bbox 1264 1923 2432 1972; baseline 0.013 -21"><span class='ocrx_word' id='word_1_1230' title='bbox 1264 1931 1328 1951; x_wconf 89' lang='lat' dir='ltr'>rum</span> <span class='ocrx_word' id='word_1_1231' title='bbox 1342 1932 1531 1962; x_wconf 88' lang='lat' dir='ltr'>memoriam,</span> <span class='ocrx_word' id='word_1_1232' title='bbox 1552 1923 1628 1962; x_wconf 90' lang='lat' dir='ltr'>Vos,</span> <span class='ocrx_word' id='word_1_1233' title='bbox 1648 1935 1715 1956; x_wconf 91' lang='lat' dir='ltr'>cum</span> <span class='ocrx_word' id='word_1_1234' title='bbox 1729 1927 1908 1965; x_wconf 68' lang='lat' dir='ltr'>praesentibus</span> <span class='ocrx_word' id='word_1_1235' title='bbox 1931 1928 1949 1947; x_wconf 67' lang='lat'>²*</span> <span class='ocrx_word' id='word_1_1236' title='bbox 1970 1927 2122 1972; x_wconf 77' lang='lat' dir='ltr'>TestibuS,</span> <span class='ocrx_word' id='word_1_1237' title='bbox 2138 1931 2325 1971; x_wconf 85' lang='lat' dir='ltr'>subscribatis,</span> <span class='ocrx_word' id='word_1_1238' title='bbox 2341 1937 2360 1956; x_wconf 46' lang='grc' dir='ltr'>θ</span> <span class='ocrx_word' id='word_1_1239' title='bbox 2381 1939 2432 1967; x_wconf 72' lang='lat' dir='ltr'>VI„</span> 
     </span>
     <span class='ocr_line' id='line_1_155' title="bbox 2340 1986 2406 2013; baseline -0.015 -9"><span class='ocrx_word' id='word_1_1240' title='bbox 2340 1986 2406 2013; x_wconf 68' lang='lat'>514„</span> 
     </span>
    </p>
   </div>
   <div class='ocr_carea' id='block_1_17' title="bbox 1262 1960 2318 2117">
    <p class='ocr_par' dir='ltr' id='par_1_40' title="bbox 1262 1960 2086 2006">
     <span class='ocr_line' id='line_1_156' title="bbox 1262 1960 2086 2006; baseline 0.01 -16"><span class='ocrx_word' id='word_1_1241' title='bbox 1262 1960 1464 1999; x_wconf 66' lang='lat' dir='ltr'>praesentesque</span> <span class='ocrx_word' id='word_1_1242' title='bbox 1480 1961 1584 1993; x_wconf 87' lang='lat' dir='ltr'>Literas</span> <span class='ocrx_word' id='word_1_1243' title='bbox 1599 1963 1688 2001; x_wconf 82' lang='lat' dir='ltr'>Signo</span> <span class='ocrx_word' id='word_1_1244' title='bbox 1701 1964 1796 1994; x_wconf 85' lang='lat' dir='ltr'>vestro</span> <span class='ocrx_word' id='word_1_1245' title='bbox 1813 1965 1894 1995; x_wconf 90' lang='lat' dir='ltr'>solito</span> <span class='ocrx_word' id='word_1_1246' title='bbox 1909 1966 2086 2006; x_wconf 65' lang='lat' dir='ltr'>consignetis.</span> 
     </span>
    </p>

    <p class='ocr_par' dir='ltr' id='par_1_41' title="bbox 1263 1998 2318 2117">
     <span class='ocr_line' id='line_1_157' title="bbox 1300 1998 2318 2043; baseline 0.01 -14"><span class='ocrx_word' id='word_1_1247' title='bbox 1300 1998 1412 2043; x_wconf 85' lang='lat' dir='ltr'>Datum</span> <span class='ocrx_word' id='word_1_1248' title='bbox 1424 2001 1497 2043; x_wconf 84' lang='lat' dir='ltr'>apud</span> <span class='ocrx_word' id='word_1_1249' title='bbox 1517 2000 1686 2032; x_wconf 87' lang='lat' dir='ltr'>Liborniatn</span> <span class='ocrx_word' id='word_1_1250' title='bbox 1704 2002 1848 2033; x_wconf 86' lang='lat' dir='ltr'>Dioecesis</span> <span class='ocrx_word' id='word_1_1251' title='bbox 1867 2002 2091 2043; x_wconf 66' lang='lat' dir='ltr'>Bardegaienfis,</span> <span class='ocrx_word' id='word_1_1252' title='bbox 2113 2006 2159 2036; x_wconf 88' lang='lat' dir='ltr'>die</span> <span class='ocrx_word' id='word_1_1253' title='bbox 2186 2009 2318 2040; x_wconf 86' lang='lat' dir='ltr'>vicesima</span> 
     </span>
     <span class='ocr_line' id='line_1_158' title="bbox 1263 2038 2318 2083; baseline 0.01 -16"><span class='ocrx_word' id='word_1_1254' title='bbox 1263 2045 1342 2068; x_wconf 87' lang='lat' dir='ltr'>tertia</span> <span class='ocrx_word' id='word_1_1255' title='bbox 1358 2038 1465 2069; x_wconf 73' lang='lat' dir='ltr'>Mensis</span> <span class='ocrx_word' id='word_1_1256' title='bbox 1480 2038 1655 2076; x_wconf 83' lang='lat' dir='ltr'>Septembris</span> <span class='ocrx_word' id='word_1_1257' title='bbox 1667 2064 1678 2079; x_wconf 89' lang='lat'>,</span> <span class='ocrx_word' id='word_1_1258' title='bbox 1695 2040 1784 2072; x_wconf 91' lang='lat' dir='ltr'>Anno</span> <span class='ocrx_word' id='word_1_1259' title='bbox 1799 2040 1923 2072; x_wconf 87' lang='lat' dir='ltr'>Domini</span> <span class='ocrx_word' id='word_1_1260' title='bbox 1944 2042 2118 2083; x_wconf 83' lang='lat' dir='ltr'>Millesimo,</span> <span class='ocrx_word' id='word_1_1261' title='bbox 2143 2046 2318 2078; x_wconf 87' lang='lat' dir='ltr'>Tricentesi-</span> 
     </span>
     <span class='ocr_line' id='line_1_159' title="bbox 1264 2076 1627 2117; baseline 0.008 -11"><span class='ocrx_word' id='word_1_1262' title='bbox 1264 2085 1331 2115; x_wconf 83' lang='lat' dir='ltr'>me,</span> <span class='ocrx_word' id='word_1_1263' title='bbox 1349 2076 1527 2117; x_wconf 70' lang='lat' dir='ltr'>sexagesimo</span> <span class='ocrx_word' id='word_1_1264' title='bbox 1540 2078 1627 2117; x_wconf 85' lang='lat' dir='ltr'>sexto,</span> 
     </span>
    </p>
   </div>
   <div class='ocr_carea' id='block_1_18' title="bbox 1294 2152 2325 2774">
    <p class='ocr_par' dir='ltr' id='par_1_42' title="bbox 1294 2152 2325 2774">
     <span class='ocr_line' id='line_1_160' title="bbox 1298 2152 2091 2197; baseline 0.009 -14"><span class='ocrx_word' id='word_1_1265' title='bbox 1298 2152 1503 2193; x_wconf 65' lang='lat' dir='ltr'>Praesentibus,</span> <span class='ocrx_word' id='word_1_1266' title='bbox 1518 2155 1718 2195; x_wconf 85' lang='lat' dir='ltr'>praecarisfimo</span> <span class='ocrx_word' id='word_1_1267' title='bbox 1733 2155 1953 2196; x_wconf 85' lang='lat' dir='ltr'>Consanguineo</span> <span class='ocrx_word' id='word_1_1268' title='bbox 1976 2157 2091 2197; x_wconf 88' lang='lat' dir='ltr'>nostro,</span> 
     </span>
     <span class='ocr_line' id='line_1_161' title="bbox 1301 2193 2325 2239; baseline 0.011 -18"><span class='ocrx_word' id='word_1_1269' title='bbox 1301 2195 1417 2223; x_wconf 88' lang='lat' dir='ltr'>Domino</span> <span class='ocrx_word' id='word_1_1270' title='bbox 1429 2193 1579 2232; x_wconf 86' lang='lat' dir='ltr'>Johanne,</span> <span class='ocrx_word' id='word_1_1271' title='bbox 1597 2197 1674 2224; x_wconf 84' lang='lat' dir='ltr'>Duce</span> <span class='ocrx_word' id='word_1_1272' title='bbox 1687 2194 1868 2235; x_wconf 81' lang='lat' dir='ltr'>Lancastriae,</span> <span class='ocrx_word' id='word_1_1273' title='bbox 1885 2195 2001 2236; x_wconf 72' lang='lat' dir='ltr'>Illustris</span> <span class='ocrx_word' id='word_1_1274' title='bbox 2024 2200 2103 2236; x_wconf 81' lang='lat' dir='ltr'>Regis</span> <span class='ocrx_word' id='word_1_1275' title='bbox 2118 2199 2231 2238; x_wconf 80' lang='lat' dir='ltr'>·Angliae</span> <span class='ocrx_word' id='word_1_1276' title='bbox 2245 2201 2325 2239; x_wconf 80' lang='lat' dir='ltr'>Filio,</span> 
     </span>
     <span class='ocr_line' id='line_1_162' title="bbox 1301 2234 1760 2300; baseline 0.004 -40"><span class='ocrx_word' id='word_1_1277' title='bbox 1301 2268 1326 2300; x_wconf 80' lang='lat' dir='ltr'><strong>E</strong></span> <span class='ocrx_word' id='word_1_1278' title='bbox 1367 2243 1400 2261; x_wconf 88' lang='lat' dir='ltr'>ac</span> <span class='ocrx_word' id='word_1_1279' title='bbox 1413 2234 1514 2262; x_wconf 84' lang='lat' dir='ltr'>Fratre</span> <span class='ocrx_word' id='word_1_1280' title='bbox 1528 2234 1596 2262; x_wconf 64' lang='lat' dir='ltr'>dieii</span> <span class='ocrx_word' id='word_1_1281' title='bbox 1612 2235 1760 2272; x_wconf 63' lang='lat' dir='ltr'>Principis:</span> 
     </span>
     <span class='ocr_line' id='line_1_163' title="bbox 1329 2277 1357 2307; baseline 0 0"><span class='ocrx_word' id='word_1_1282' title='bbox 1329 2277 1357 2307; x_wconf 65' lang='lat' dir='ltr'>ts</span> 
     </span>
     <span class='ocr_line' id='line_1_164' title="bbox 1298 2307 1810 2349; baseline 0.006 -11"><span class='ocrx_word' id='word_1_1283' title='bbox 1298 2307 1476 2339; x_wconf 77' lang='lat' dir='ltr'>Reverendis</span> <span class='ocrx_word' id='word_1_1284' title='bbox 1491 2310 1519 2340; x_wconf 88' lang='lat' dir='ltr'>in</span> <span class='ocrx_word' id='word_1_1285' title='bbox 1535 2308 1652 2340; x_wconf 90' lang='lat' dir='ltr'>Christo</span> <span class='ocrx_word' id='word_1_1286' title='bbox 1666 2309 1810 2349; x_wconf 88' lang='lat' dir='ltr'>Patribus,</span> 
     </span>
     <span class='ocr_line' id='line_1_165' title="bbox 1297 2347 1940 2388; baseline 0.006 -13"><span class='ocrx_word' id='word_1_1287' title='bbox 1297 2349 1412 2376; x_wconf 83' lang='lat' dir='ltr'>Domino</span> <span class='ocrx_word' id='word_1_1288' title='bbox 1429 2347 1529 2386; x_wconf 85' lang='lat' dir='ltr'>Helia,</span> <span class='ocrx_word' id='word_1_1289' title='bbox 1547 2347 1748 2386; x_wconf 71' lang='lat' dir='ltr'>Archiepiscopo</span> <span class='ocrx_word' id='word_1_1290' title='bbox 1761 2348 1940 2388; x_wconf 82' lang='lat' dir='ltr'>Burdegalae,</span> 
     </span>
     <span class='ocr_line' id='line_1_166' title="bbox 1301 2387 1892 2426; baseline 0.007 -13"><span class='ocrx_word' id='word_1_1291' title='bbox 1301 2387 1416 2414; x_wconf 85' lang='lat' dir='ltr'>Domino</span> <span class='ocrx_word' id='word_1_1292' title='bbox 1432 2387 1573 2416; x_wconf 86' lang='lat' dir='ltr'>Bernardo</span> <span class='ocrx_word' id='word_1_1293' title='bbox 1588 2409 1598 2423; x_wconf 89' lang='lat'>,</span> <span class='ocrx_word' id='word_1_1294' title='bbox 1616 2388 1739 2426; x_wconf 69' lang='lat' dir='ltr'>Episcopo</span> <span class='ocrx_word' id='word_1_1295' title='bbox 1757 2390 1892 2417; x_wconf 66' lang='lat' dir='ltr'>XanHon.</span> 
     </span>
     <span class='ocr_line' id='line_1_167' title="bbox 1299 2422 2324 2469; baseline 0.011 -17"><span class='ocrx_word' id='word_1_1296' title='bbox 1299 2422 1432 2467; x_wconf 58' lang='lat' dir='ltr'>Joharzne</span> <span class='ocrx_word' id='word_1_1297' title='bbox 1458 2424 1554 2454; x_wconf 71' lang='lat' dir='ltr'>Elec‘lo</span> <span class='ocrx_word' id='word_1_1298' title='bbox 1577 2425 1725 2464; x_wconf 81' lang='lat' dir='ltr'>Batonenfi</span> <span class='ocrx_word' id='word_1_1299' title='bbox 1754 2424 1792 2460; x_wconf 72' lang='lat'>&amp;³</span> <span class='ocrx_word' id='word_1_1300' title='bbox 1820 2425 1942 2467; x_wconf 77' lang='lat' dir='ltr'>Wllenfi</span> <span class='ocrx_word' id='word_1_1301' title='bbox 1957 2450 1967 2466; x_wconf 87' lang='lat'>,</span> <span class='ocrx_word' id='word_1_1302' title='bbox 1993 2424 2170 2460; x_wconf 78' lang='lat' dir='ltr'>Cancellario</span> <span class='ocrx_word' id='word_1_1303' title='bbox 2204 2430 2324 2469; x_wconf 50' lang='lat' dir='ltr'>Aquita}</span> 
     </span>
     <span class='ocr_line' id='line_1_168' title="bbox 1366 2471 1444 2491; baseline 0 0"><span class='ocrx_word' id='word_1_1304' title='bbox 1366 2471 1421 2491; x_wconf 78' lang='lat' dir='ltr'>mae</span> <span class='ocrx_word' id='word_1_1305' title='bbox 1437 2472 1444 2491; x_wconf 80' lang='lat' dir='ltr'>z</span> 
     </span>
     <span class='ocr_line' id='line_1_169' title="bbox 1294 2498 1843 2540; baseline 0.005 -11"><span class='ocrx_word' id='word_1_1306' title='bbox 1294 2498 1428 2537; x_wconf 81' lang='lat' dir='ltr'>Johanne</span> <span class='ocrx_word' id='word_1_1307' title='bbox 1444 2500 1587 2531; x_wconf 78' lang='lat' dir='ltr'>chaundos</span> <span class='ocrx_word' id='word_1_1308' title='bbox 1605 2500 1843 2540; x_wconf 77' lang='lat' dir='ltr'>constabulario,</span> 
     </span>
     <span class='ocr_line' id='line_1_170' title="bbox 1298 2538 1819 2577; baseline 0.01 -11"><span class='ocrx_word' id='word_1_1309' title='bbox 1298 2539 1340 2567; x_wconf 89' lang='lat' dir='ltr'>Et</span> <span class='ocrx_word' id='word_1_1310' title='bbox 1359 2538 1460 2568; x_wconf 84' lang='lat' dir='ltr'>Thoma</span> <span class='ocrx_word' id='word_1_1311' title='bbox 1485 2541 1517 2570; x_wconf 84' lang='lat' dir='ltr'>a&#39;e</span> <span class='ocrx_word' id='word_1_1312' title='bbox 1534 2539 1629 2570; x_wconf 86' lang='lat' dir='ltr'>Felton</span> <span class='ocrx_word' id='word_1_1313' title='bbox 1646 2540 1819 2577; x_wconf 75' lang='lat' dir='ltr'>senescallo,</span> 
     </span>
     <span class='ocr_line' id='line_1_171' title="bbox 1299 2576 1478 2616; baseline -0.006 -9"><span class='ocrx_word' id='word_1_1314' title='bbox 1299 2576 1478 2616; x_wconf 78' lang='lat' dir='ltr'>Aquitaniae,</span> 
     </span>
     <span class='ocr_line' id='line_1_172' title="bbox 1296 2614 2015 2659; baseline 0.008 -16"><span class='ocrx_word' id='word_1_1315' title='bbox 1296 2615 1403 2651; x_wconf 83' lang='lat' dir='ltr'>Nigello</span> <span class='ocrx_word' id='word_1_1316' title='bbox 1414 2617 1446 2645; x_wconf 85' lang='lat' dir='ltr'>de</span> <span class='ocrx_word' id='word_1_1317' title='bbox 1459 2618 1578 2655; x_wconf 82' lang='lat' dir='ltr'>Loereyn</span> <span class='ocrx_word' id='word_1_1318' title='bbox 1598 2614 1762 2647; x_wconf 89' lang='lat' dir='ltr'>Camerario</span> <span class='ocrx_word' id='word_1_1319' title='bbox 1777 2616 1846 2648; x_wconf 65' lang='lat' dir='ltr'>dieti</span> <span class='ocrx_word' id='word_1_1320' title='bbox 1860 2615 2015 2659; x_wconf 87' lang='lat' dir='ltr'>Principis,</span> 
     </span>
     <span class='ocr_line' id='line_1_173' title="bbox 1295 2653 2023 2696; baseline 0.011 -16"><span class='ocrx_word' id='word_1_1321' title='bbox 1295 2653 1434 2692; x_wconf 82' lang='lat' dir='ltr'>Baldoyno</span> <span class='ocrx_word' id='word_1_1322' title='bbox 1451 2654 1483 2682; x_wconf 85' lang='lat' dir='ltr'>de</span> <span class='ocrx_word' id='word_1_1323' title='bbox 1501 2653 1639 2693; x_wconf 81' lang='lat' dir='ltr'>Frevilla,</span> <span class='ocrx_word' id='word_1_1324' title='bbox 1657 2655 1814 2686; x_wconf 75' lang='lat' dir='ltr'>senescallo</span> <span class='ocrx_word' id='word_1_1325' title='bbox 1829 2655 2023 2696; x_wconf 65' lang='lat' dir='ltr'>XanCtOniae3</span> 
     </span>
     <span class='ocr_line' id='line_1_174' title="bbox 1294 2690 1771 2731; baseline 0.004 -10"><span class='ocrx_word' id='word_1_1326' title='bbox 1294 2690 1330 2722; x_wconf 89' lang='lat' dir='ltr'>Et</span> <span class='ocrx_word' id='word_1_1327' title='bbox 1343 2692 1400 2722; x_wconf 86' lang='lat' dir='ltr'>aliis</span> <span class='ocrx_word' id='word_1_1328' title='bbox 1418 2692 1552 2724; x_wconf 89' lang='lat' dir='ltr'>Testibus</span> <span class='ocrx_word' id='word_1_1329' title='bbox 1569 2692 1603 2723; x_wconf 88' lang='lat' dir='ltr'>ad</span> <span class='ocrx_word' id='word_1_1330' title='bbox 1622 2693 1771 2731; x_wconf 84' lang='lat' dir='ltr'>praemiffa.</span> 
     </span>
     <span class='ocr_line' id='line_1_175' title="bbox 1884 2732 2056 2774; baseline 0.012 -11"><span class='ocrx_word' id='word_1_1331' title='bbox 1884 2735 1919 2763; x_wconf 74' lang='lat' dir='ltr'>ro</span> <span class='ocrx_word' id='word_1_1332' title='bbox 1933 2732 1976 2763; x_wconf 81' lang='lat' dir='ltr'>El</span> <span class='ocrx_word' id='word_1_1333' title='bbox 1991 2735 2056 2774; x_wconf 83' lang='lat' dir='ltr'>Rey.</span> 
     </span>
    </p>
   </div>
   <div class='ocr_carea' id='block_1_19' title="bbox 1259 2805 2325 3308">
    <p class='ocr_par' dir='ltr' id='par_1_43' title="bbox 1259 2805 2325 3308">
     <span class='ocr_line' id='line_1_176' title="bbox 1298 2805 2325 2857; baseline 0.007 -20"><span class='ocrx_word' id='word_1_1334' title='bbox 1298 2805 1337 2837; x_wconf 91' lang='lat' dir='ltr'>Et</span> <span class='ocrx_word' id='word_1_1335' title='bbox 1349 2816 1403 2847; x_wconf 88' lang='lat' dir='ltr'>ego</span> <span class='ocrx_word' id='word_1_1336' title='bbox 1415 2806 1560 2846; x_wconf 78' lang='lat' dir='ltr'>johannes</span> <span class='ocrx_word' id='word_1_1337' title='bbox 1574 2808 1609 2839; x_wconf 89' lang='lat' dir='ltr'>de</span> <span class='ocrx_word' id='word_1_1338' title='bbox 1624 2807 1760 2857; x_wconf 71' lang='lat' dir='ltr'>London,</span> <span class='ocrx_word' id='word_1_1339' title='bbox 1777 2808 1921 2848; x_wconf 89' lang='lat' dir='ltr'>Clericus,</span> <span class='ocrx_word' id='word_1_1340' title='bbox 1940 2809 2145 2841; x_wconf 72' lang='lat' dir='ltr'>wintoniensis</span> <span class='ocrx_word' id='word_1_1341' title='bbox 2171 2811 2325 2851; x_wconf 78' lang='lat' dir='ltr'>Dioecefis,</span> 
     </span>
     <span class='ocr_line' id='line_1_177' title="bbox 1261 2843 2325 2886; baseline 0.006 -11"><span class='ocrx_word' id='word_1_1342' title='bbox 1261 2843 1396 2876; x_wconf 88' lang='lat' dir='ltr'>Publicus</span> <span class='ocrx_word' id='word_1_1343' title='bbox 1409 2847 1572 2877; x_wconf 60' lang='lat' dir='ltr'>auctoritate</span> <span class='ocrx_word' id='word_1_1344' title='bbox 1595 2847 1762 2885; x_wconf 86' lang='lat' dir='ltr'>Apostolica</span> <span class='ocrx_word' id='word_1_1345' title='bbox 1785 2848 1946 2886; x_wconf 79' lang='lat' dir='ltr'>Notarius,</span> <span class='ocrx_word' id='word_1_1346' title='bbox 1973 2848 2125 2878; x_wconf 69' lang='lat' dir='ltr'>undecima</span> <span class='ocrx_word' id='word_1_1347' title='bbox 2142 2849 2189 2880; x_wconf 89' lang='lat' dir='ltr'>die</span> <span class='ocrx_word' id='word_1_1348' title='bbox 2216 2850 2325 2881; x_wconf 81' lang='lat' dir='ltr'>Menfis</span> 
     </span>
     <span class='ocr_line' id='line_1_178' title="bbox 1262 2883 2320 2926; baseline 0.005 -13"><span class='ocrx_word' id='word_1_1349' title='bbox 1262 2883 1422 2922; x_wconf 88' lang='lat' dir='ltr'>Februarii,</span> <span class='ocrx_word' id='word_1_1350' title='bbox 1442 2885 1529 2915; x_wconf 88' lang='lat' dir='ltr'>Anno</span> <span class='ocrx_word' id='word_1_1351' title='bbox 1547 2885 1672 2915; x_wconf 91' lang='lat' dir='ltr'>Domini</span> <span class='ocrx_word' id='word_1_1352' title='bbox 1691 2886 1864 2925; x_wconf 63' lang='lat' dir='ltr'>supradicio,</span> <span class='ocrx_word' id='word_1_1353' title='bbox 1886 2885 2046 2917; x_wconf 69' lang='lat' dir='ltr'>Indictione</span> <span class='ocrx_word' id='word_1_1354' title='bbox 2066 2887 2180 2926; x_wconf 69' lang='lat' dir='ltr'>quinta,</span> <span class='ocrx_word' id='word_1_1355' title='bbox 2199 2887 2320 2919; x_wconf 88' lang='lat' dir='ltr'>Pontifi-</span> 
     </span>
     <span class='ocr_line' id='line_1_179' title="bbox 1261 2922 2323 2964; baseline 0.006 -13"><span class='ocrx_word' id='word_1_1356' title='bbox 1261 2922 1357 2961; x_wconf 74' lang='lat' dir='ltr'>catus,</span> <span class='ocrx_word' id='word_1_1357' title='bbox 1373 2923 1540 2954; x_wconf 54' lang='lat' dir='ltr'>Sanfftiisimi</span> <span class='ocrx_word' id='word_1_1358' title='bbox 1553 2925 1583 2953; x_wconf 92' lang='lat' dir='ltr'>in</span> <span class='ocrx_word' id='word_1_1359' title='bbox 1597 2923 1715 2954; x_wconf 87' lang='lat' dir='ltr'>Christo</span> <span class='ocrx_word' id='word_1_1360' title='bbox 1730 2923 1835 2963; x_wconf 90' lang='lat' dir='ltr'>Patris,</span> <span class='ocrx_word' id='word_1_1361' title='bbox 1857 2926 1890 2957; x_wconf 91' lang='lat'>&amp;</span> <span class='ocrx_word' id='word_1_1362' title='bbox 1911 2924 2035 2955; x_wconf 90' lang='lat' dir='ltr'>Domini</span> <span class='ocrx_word' id='word_1_1363' title='bbox 2056 2924 2145 2954; x_wconf 90' lang='lat' dir='ltr'>nostri</span> <span class='ocrx_word' id='word_1_1364' title='bbox 2161 2949 2171 2964; x_wconf 87' lang='lat'>,</span> <span class='ocrx_word' id='word_1_1365' title='bbox 2196 2926 2323 2957; x_wconf 88' lang='lat' dir='ltr'>Domini</span> 
     </span>
     <span class='ocr_line' id='line_1_180' title="bbox 1260 2960 2324 3002; baseline 0.005 -11"><span class='ocrx_word' id='word_1_1366' title='bbox 1260 2960 1393 2999; x_wconf 86' lang='lat' dir='ltr'>Urbani,</span> <span class='ocrx_word' id='word_1_1367' title='bbox 1412 2961 1509 2991; x_wconf 72' lang='lat' dir='ltr'>divina</span> <span class='ocrx_word' id='word_1_1368' title='bbox 1532 2961 1708 2999; x_wconf 75' lang='lat' dir='ltr'>providentia</span> <span class='ocrx_word' id='word_1_1369' title='bbox 1723 2985 1732 3000; x_wconf 86' lang='lat'>,</span> <span class='ocrx_word' id='word_1_1370' title='bbox 1755 2962 1841 3001; x_wconf 83' lang='lat' dir='ltr'>Papae</span> <span class='ocrx_word' id='word_1_1371' title='bbox 1860 2963 1974 3002; x_wconf 88' lang='lat' dir='ltr'>quinti,</span> <span class='ocrx_word' id='word_1_1372' title='bbox 1998 2963 2086 2993; x_wconf 92' lang='lat' dir='ltr'>Anno</span> <span class='ocrx_word' id='word_1_1373' title='bbox 2106 2964 2207 3001; x_wconf 86' lang='lat' dir='ltr'>quinto</span> <span class='ocrx_word' id='word_1_1374' title='bbox 2220 2988 2229 3002; x_wconf 92' lang='lat'>,</span> <span class='ocrx_word' id='word_1_1375' title='bbox 2251 2967 2324 2996; x_wconf 89' lang='lat' dir='ltr'>infra</span> 
     </span>
     <span class='ocr_line' id='line_1_181' title="bbox 1260 2997 2323 3040; baseline 0.005 -11"><span class='ocrx_word' id='word_1_1376' title='bbox 1260 2997 1392 3030; x_wconf 87' lang='lat' dir='ltr'>Castrum</span> <span class='ocrx_word' id='word_1_1377' title='bbox 1408 2999 1537 3029; x_wconf 84' lang='lat' dir='ltr'>Civitatis</span> <span class='ocrx_word' id='word_1_1378' title='bbox 1551 2999 1681 3038; x_wconf 85' lang='lat' dir='ltr'>Baionae,</span> <span class='ocrx_word' id='word_1_1379' title='bbox 1705 3001 1733 3030; x_wconf 89' lang='lat' dir='ltr'>in</span> <span class='ocrx_word' id='word_1_1380' title='bbox 1758 3001 1874 3039; x_wconf 84' lang='lat' dir='ltr'>Capella</span> <span class='ocrx_word' id='word_1_1381' title='bbox 1894 3000 2016 3038; x_wconf 88' lang='lat' dir='ltr'>ejusdem</span> <span class='ocrx_word' id='word_1_1382' title='bbox 2038 3000 2128 3031; x_wconf 89' lang='lat' dir='ltr'>Castri</span> <span class='ocrx_word' id='word_1_1383' title='bbox 2146 3025 2155 3040; x_wconf 92' lang='lat'>,</span> <span class='ocrx_word' id='word_1_1384' title='bbox 2180 3004 2236 3034; x_wconf 73' lang='lat' dir='ltr'>una</span> <span class='ocrx_word' id='word_1_1385' title='bbox 2253 3013 2323 3034; x_wconf 90' lang='lat' dir='ltr'>cum</span> 
     </span>
     <span class='ocr_line' id='line_1_182' title="bbox 1259 3036 2321 3078; baseline 0.004 -11"><span class='ocrx_word' id='word_1_1386' title='bbox 1259 3036 1395 3068; x_wconf 89' lang='lat' dir='ltr'>Testibus</span> <span class='ocrx_word' id='word_1_1387' title='bbox 1408 3037 1601 3075; x_wconf 82' lang='lat' dir='ltr'>infrascriptis,</span> <span class='ocrx_word' id='word_1_1388' title='bbox 1616 3038 1658 3068; x_wconf 86' lang='lat' dir='ltr'>fui</span> <span class='ocrx_word' id='word_1_1389' title='bbox 1673 3039 1790 3076; x_wconf 76' lang='lat' dir='ltr'>praesens</span> <span class='ocrx_word' id='word_1_1390' title='bbox 1802 3039 1916 3078; x_wconf 90' lang='lat' dir='ltr'>quando</span> <span class='ocrx_word' id='word_1_1391' title='bbox 1929 3039 2021 3071; x_wconf 68' lang='lat' dir='ltr'>dietus</span> <span class='ocrx_word' id='word_1_1392' title='bbox 2035 3039 2181 3071; x_wconf 87' lang='lat' dir='ltr'>Dominus</span> <span class='ocrx_word' id='word_1_1393' title='bbox 2195 3041 2259 3071; x_wconf 88' lang='lat' dir='ltr'>Rex</span> <span class='ocrx_word' id='word_1_1394' title='bbox 2267 3042 2321 3071; x_wconf 88' lang='lat' dir='ltr'>Pe-</span> 
     </span>
     <span class='ocr_line' id='line_1_183' title="bbox 1261 3076 2320 3118; baseline 0.003 -12"><span class='ocrx_word' id='word_1_1395' title='bbox 1261 3085 1316 3106; x_wconf 81' lang='lat' dir='ltr'>trus</span> <span class='ocrx_word' id='word_1_1396' title='bbox 1330 3076 1470 3114; x_wconf 75' lang='lat' dir='ltr'>praemissa</span> <span class='ocrx_word' id='word_1_1397' title='bbox 1484 3077 1580 3107; x_wconf 87' lang='lat' dir='ltr'>omnia</span> <span class='ocrx_word' id='word_1_1398' title='bbox 1595 3077 1628 3107; x_wconf 71' lang='lat' dir='ltr'>Sc</span> <span class='ocrx_word' id='word_1_1399' title='bbox 1645 3076 1749 3115; x_wconf 86' lang='lat' dir='ltr'>singula</span> <span class='ocrx_word' id='word_1_1400' title='bbox 1763 3078 1928 3115; x_wconf 80' lang='lat' dir='ltr'>innovavit,</span> <span class='ocrx_word' id='word_1_1401' title='bbox 1952 3077 2134 3109; x_wconf 89' lang='lat' dir='ltr'>confirmavit</span> <span class='ocrx_word' id='word_1_1402' title='bbox 2149 3102 2158 3116; x_wconf 90' lang='lat'>,</span> <span class='ocrx_word' id='word_1_1403' title='bbox 2180 3081 2213 3111; x_wconf 66' lang='grc' dir='ltr'>ὃς</span> <span class='ocrx_word' id='word_1_1404' title='bbox 2237 3080 2320 3118; x_wconf 81' lang='lat' dir='ltr'>jura-</span> 
     </span>
     <span class='ocr_line' id='line_1_184' title="bbox 1261 3115 2317 3155; baseline 0.002 -11"><span class='ocrx_word' id='word_1_1405' title='bbox 1261 3124 1360 3145; x_wconf 87' lang='lat' dir='ltr'>mento</span> <span class='ocrx_word' id='word_1_1406' title='bbox 1374 3115 1421 3145; x_wconf 87' lang='lat' dir='ltr'>suo</span> <span class='ocrx_word' id='word_1_1407' title='bbox 1435 3115 1558 3152; x_wconf 88' lang='lat' dir='ltr'>vallavit,</span> <span class='ocrx_word' id='word_1_1408' title='bbox 1582 3117 1723 3153; x_wconf 84' lang='lat' dir='ltr'>tangendo</span> <span class='ocrx_word' id='word_1_1409' title='bbox 1737 3139 1746 3153; x_wconf 95' lang='lat'>,</span> <span class='ocrx_word' id='word_1_1410' title='bbox 1771 3117 1891 3154; x_wconf 89' lang='lat' dir='ltr'>propriis</span> <span class='ocrx_word' id='word_1_1411' title='bbox 1914 3117 2041 3146; x_wconf 89' lang='lat' dir='ltr'>manibus</span> <span class='ocrx_word' id='word_1_1412' title='bbox 2064 3117 2130 3155; x_wconf 81' lang='lat' dir='ltr'>suis,</span> <span class='ocrx_word' id='word_1_1413' title='bbox 2149 3118 2241 3148; x_wconf 66' lang='lat' dir='ltr'>sancta</span> <span class='ocrx_word' id='word_1_1414' title='bbox 2258 3117 2317 3147; x_wconf 85' lang='lat' dir='ltr'>Dei</span> 
     </span>
     <span class='ocr_line' id='line_1_185' title="bbox 1261 3153 2319 3194; baseline 0.002 -12"><span class='ocrx_word' id='word_1_1415' title='bbox 1261 3153 1437 3192; x_wconf 86' lang='lat' dir='ltr'>Ewangelia,</span> <span class='ocrx_word' id='word_1_1416' title='bbox 1453 3154 1485 3184; x_wconf 90' lang='lat'>&amp;</span> <span class='ocrx_word' id='word_1_1417' title='bbox 1499 3153 1613 3191; x_wconf 86' lang='lat' dir='ltr'>quando</span> <span class='ocrx_word' id='word_1_1418' title='bbox 1627 3153 1700 3192; x_wconf 86' lang='lat' dir='ltr'>ipse,</span> <span class='ocrx_word' id='word_1_1419' title='bbox 1718 3154 1830 3194; x_wconf 74' lang='lat' dir='ltr'>propria</span> <span class='ocrx_word' id='word_1_1420' title='bbox 1847 3164 1932 3184; x_wconf 89' lang='lat' dir='ltr'>manu</span> <span class='ocrx_word' id='word_1_1421' title='bbox 1946 3154 2009 3192; x_wconf 73' lang='lat' dir='ltr'>sua,</span> <span class='ocrx_word' id='word_1_1422' title='bbox 2027 3155 2053 3185; x_wconf 92' lang='lat' dir='ltr'>se</span> <span class='ocrx_word' id='word_1_1423' title='bbox 2065 3155 2238 3193; x_wconf 78' lang='lat' dir='ltr'>subscripsit,</span> <span class='ocrx_word' id='word_1_1424' title='bbox 2258 3165 2319 3185; x_wconf 88' lang='lat' dir='ltr'>me-</span> 
     </span>
     <span class='ocr_line' id='line_1_186' title="bbox 1262 3191 2319 3232; baseline 0 -10"><span class='ocrx_word' id='word_1_1425' title='bbox 1262 3202 1318 3230; x_wconf 87' lang='lat' dir='ltr'>que</span> <span class='ocrx_word' id='word_1_1426' title='bbox 1331 3192 1517 3230; x_wconf 89' lang='lat' dir='ltr'>requisivit&amp;</span> <span class='ocrx_word' id='word_1_1427' title='bbox 1532 3191 1691 3229; x_wconf 90' lang='lat' dir='ltr'>mandavit,</span> <span class='ocrx_word' id='word_1_1428' title='bbox 1709 3201 1740 3222; x_wconf 90' lang='lat' dir='ltr'>ut</span> <span class='ocrx_word' id='word_1_1429' title='bbox 1762 3193 1944 3232; x_wconf 76' lang='lat' dir='ltr'>praesentibus</span> <span class='ocrx_word' id='word_1_1430' title='bbox 1966 3193 2078 3224; x_wconf 89' lang='lat' dir='ltr'>Litteris</span> <span class='ocrx_word' id='word_1_1431' title='bbox 2099 3203 2146 3223; x_wconf 90' lang='lat' dir='ltr'>me</span> <span class='ocrx_word' id='word_1_1432' title='bbox 2168 3193 2319 3223; x_wconf 77' lang='lat' dir='ltr'>iubscribe-</span> 
     </span>
     <span class='ocr_line' id='line_1_187' title="bbox 1261 3231 2318 3270; baseline 0.002 -10"><span class='ocrx_word' id='word_1_1433' title='bbox 1261 3241 1321 3261; x_wconf 88' lang='lat' dir='ltr'>rem</span> <span class='ocrx_word' id='word_1_1434' title='bbox 1337 3231 1369 3261; x_wconf 88' lang='lat'>&amp;</span> <span class='ocrx_word' id='word_1_1435' title='bbox 1382 3231 1503 3268; x_wconf 89' lang='lat' dir='ltr'>Signum</span> <span class='ocrx_word' id='word_1_1436' title='bbox 1517 3239 1613 3260; x_wconf 90' lang='lat' dir='ltr'>meum</span> <span class='ocrx_word' id='word_1_1437' title='bbox 1625 3239 1795 3269; x_wconf 88' lang='lat' dir='ltr'>apponerem</span> <span class='ocrx_word' id='word_1_1438' title='bbox 1817 3232 2001 3270; x_wconf 81' lang='lat' dir='ltr'>consuetum,</span> <span class='ocrx_word' id='word_1_1439' title='bbox 2024 3231 2126 3262; x_wconf 84' lang='lat' dir='ltr'>Testes</span> <span class='ocrx_word' id='word_1_1440' title='bbox 2145 3232 2193 3270; x_wconf 86' lang='lat' dir='ltr'>qui</span> <span class='ocrx_word' id='word_1_1441' title='bbox 2213 3231 2318 3262; x_wconf 79' lang='lat' dir='ltr'>fuerint</span> 
     </span>
     <span class='ocr_line' id='line_1_188' title="bbox 1263 3267 1775 3308; baseline 0.002 -9"><span class='ocrx_word' id='word_1_1442' title='bbox 1263 3269 1424 3308; x_wconf 74' lang='lat' dir='ltr'>praesentes,</span> <span class='ocrx_word' id='word_1_1443' title='bbox 1441 3268 1474 3299; x_wconf 90' lang='lat' dir='ltr'>ad</span> <span class='ocrx_word' id='word_1_1444' title='bbox 1489 3267 1558 3306; x_wconf 86' lang='lat' dir='ltr'>ista,</span> <span class='ocrx_word' id='word_1_1445' title='bbox 1577 3269 1630 3299; x_wconf 73' lang='lat' dir='ltr'>una</span> <span class='ocrx_word' id='word_1_1446' title='bbox 1646 3278 1775 3307; x_wconf 84' lang='lat' dir='ltr'>mecum,</span> 
     </span>
    </p>
   </div>
   <div class='ocr_carea' id='block_1_20' title="bbox 1299 3347 2302 3921">
    <p class='ocr_par' dir='ltr' id='par_1_44' title="bbox 1299 3347 2302 3921">
     <span class='ocr_line' id='line_1_189' title="bbox 1300 3347 1812 3384; baseline -0.002 -8"><span class='ocrx_word' id='word_1_1447' title='bbox 1300 3348 1429 3376; x_wconf 82' lang='lat' dir='ltr'>Dominus</span> <span class='ocrx_word' id='word_1_1448' title='bbox 1447 3348 1546 3375; x_wconf 84' lang='lat' dir='ltr'>Frater</span> <span class='ocrx_word' id='word_1_1449' title='bbox 1564 3347 1705 3374; x_wconf 81' lang='lat' dir='ltr'>Martinus</span> <span class='ocrx_word' id='word_1_1450' title='bbox 1723 3347 1812 3384; x_wconf 83' lang='lat' dir='ltr'>Lupi,</span> 
     </span>
     <span class='ocr_line' id='line_1_190' title="bbox 1303 3381 2302 3424; baseline -0.001 -10"><span class='ocrx_word' id='word_1_1451' title='bbox 1303 3384 1439 3424; x_wconf 81' lang='lat' dir='ltr'>Magister</span> <span class='ocrx_word' id='word_1_1452' title='bbox 1454 3384 1567 3414; x_wconf 68' lang='lat' dir='ltr'>Militiae</span> <span class='ocrx_word' id='word_1_1453' title='bbox 1583 3383 1699 3414; x_wconf 71' lang='lat' dir='ltr'>Domus</span> <span class='ocrx_word' id='word_1_1454' title='bbox 1711 3384 1748 3414; x_wconf 90' lang='lat' dir='ltr'>de</span> <span class='ocrx_word' id='word_1_1455' title='bbox 1760 3385 1924 3423; x_wconf 87' lang='lat' dir='ltr'>Alcantara‚</span> <span class='ocrx_word' id='word_1_1456' title='bbox 1951 3382 2066 3414; x_wconf 82' lang='lat' dir='ltr'>Ordinis</span> <span class='ocrx_word' id='word_1_1457' title='bbox 2089 3381 2302 3422; x_wconf 84' lang='lat' dir='ltr'>Cestercienfis,</span> 
     </span>
     <span class='ocr_line' id='line_1_191' title="bbox 1301 3421 1781 3461; baseline 0.002 -9"><span class='ocrx_word' id='word_1_1458' title='bbox 1301 3426 1425 3461; x_wconf 82' lang='lat' dir='ltr'>Rogerius</span> <span class='ocrx_word' id='word_1_1459' title='bbox 1444 3425 1575 3453; x_wconf 83' lang='lat' dir='ltr'>Dominus</span> <span class='ocrx_word' id='word_1_1460' title='bbox 1592 3421 1623 3450; x_wconf 83' lang='lat' dir='ltr'>de</span> <span class='ocrx_word' id='word_1_1461' title='bbox 1640 3421 1668 3451; x_wconf 82' lang='lat' dir='ltr'>la</span> <span class='ocrx_word' id='word_1_1462' title='bbox 1688 3425 1781 3461; x_wconf 80' lang='lat' dir='ltr'>Ware,</span> 
     </span>
     <span class='ocr_line' id='line_1_192' title="bbox 1303 3460 1710 3530; baseline -0.005 -39"><span class='ocrx_word' id='word_1_1463' title='bbox 1303 3465 1438 3530; x_wconf 32' lang='lat' dir='ltr'>gomano?</span> <span class='ocrx_word' id='word_1_1464' title='bbox 1451 3460 1544 3500; x_wconf 83' lang='lat' dir='ltr'>Garfie</span> <span class='ocrx_word' id='word_1_1465' title='bbox 1561 3460 1593 3489; x_wconf 77' lang='lat' dir='ltr'>de</span> <span class='ocrx_word' id='word_1_1466' title='bbox 1610 3462 1710 3500; x_wconf 78' lang='lat' dir='ltr'>Royos,</span> 
     </span>
     <span class='ocr_line' id='line_1_193' title="bbox 1330 3500 1388 3530; baseline -0.017 -1"><span class='ocrx_word' id='word_1_1467' title='bbox 1330 3500 1388 3530; x_wconf 80' lang='lat' dir='ltr'>liles</span> 
     </span>
     <span class='ocr_line' id='line_1_194' title="bbox 1300 3524 1762 3578; baseline 0 -11"><span class='ocrx_word' id='word_1_1468' title='bbox 1300 3524 1411 3578; x_wconf 60' lang='lat' dir='ltr'>Garfia&#39;r</span> <span class='ocrx_word' id='word_1_1469' title='bbox 1430 3535 1565 3568; x_wconf 77' lang='lat' dir='ltr'>fernandi</span> <span class='ocrx_word' id='word_1_1470' title='bbox 1581 3536 1613 3566; x_wconf 85' lang='lat' dir='ltr'>de</span> <span class='ocrx_word' id='word_1_1471' title='bbox 1631 3536 1762 3575; x_wconf 78' lang='lat' dir='ltr'>Villodre,</span> 
     </span>
     <span class='ocr_line' id='line_1_195' title="bbox 1300 3575 1573 3613; baseline -0.007 -7"><span class='ocrx_word' id='word_1_1472' title='bbox 1300 3576 1458 3607; x_wconf 78' lang='lat' dir='ltr'>Vexillarius</span> <span class='ocrx_word' id='word_1_1473' title='bbox 1476 3575 1573 3613; x_wconf 83' lang='lat' dir='ltr'>Major</span> 
     </span>
     <span class='ocr_line' id='line_1_196' title="bbox 1299 3597 1964 3651; baseline -0.003 -7"><span class='ocrx_word' id='word_1_1474' title='bbox 1299 3612 1422 3645; x_wconf 83' lang='lat' dir='ltr'>Domini</span> <span class='ocrx_word' id='word_1_1475' title='bbox 1440 3614 1533 3645; x_wconf 74' lang='lat' dir='ltr'>sancii</span> <span class='ocrx_word' id='word_1_1476' title='bbox 1544 3636 1553 3651; x_wconf 90' lang='lat'>‚</span> <span class='ocrx_word' id='word_1_1477' title='bbox 1569 3597 1709 3644; x_wconf 55' lang='lat' dir='ltr'>fiiiiidrffl</span> <span class='ocrx_word' id='word_1_1478' title='bbox 1728 3612 1849 3643; x_wconf 86' lang='lat' dir='ltr'>Domini</span> <span class='ocrx_word' id='word_1_1479' title='bbox 1866 3609 1964 3651; x_wconf 83' lang='lat' dir='ltr'>Regis,</span> 
     </span>
     <span class='ocr_line' id='line_1_197' title="bbox 1301 3652 1615 3689; baseline -0.01 -7"><span class='ocrx_word' id='word_1_1480' title='bbox 1301 3653 1444 3682; x_wconf 73' lang='lat' dir='ltr'>M&#39;athaeux</span> <span class='ocrx_word' id='word_1_1481' title='bbox 1462 3652 1615 3689; x_wconf 71' lang='lat' dir='ltr'>Fernandi,</span> 
     </span>
     <span class='ocr_line' id='line_1_198' title="bbox 1302 3687 2048 3729; baseline -0.004 -7"><span class='ocrx_word' id='word_1_1482' title='bbox 1302 3690 1493 3722; x_wconf 86' lang='lat' dir='ltr'>Cancellarius</span> <span class='ocrx_word' id='word_1_1483' title='bbox 1506 3689 1611 3720; x_wconf 90' lang='lat' dir='ltr'>Secreti</span> <span class='ocrx_word' id='word_1_1484' title='bbox 1626 3689 1712 3729; x_wconf 86' lang='lat' dir='ltr'>Sigilli</span> <span class='ocrx_word' id='word_1_1485' title='bbox 1725 3688 1795 3720; x_wconf 66' lang='lat' dir='ltr'>dieti</span> <span class='ocrx_word' id='word_1_1486' title='bbox 1809 3688 1933 3719; x_wconf 89' lang='lat' dir='ltr'>Domini</span> <span class='ocrx_word' id='word_1_1487' title='bbox 1949 3687 2048 3728; x_wconf 84' lang='lat' dir='ltr'>Regis,</span> 
     </span>
     <span class='ocr_line' id='line_1_199' title="bbox 1303 3727 1722 3769; baseline -0.002 -10"><span class='ocrx_word' id='word_1_1488' title='bbox 1303 3729 1435 3769; x_wconf 80' lang='lat' dir='ltr'>Magister</span> <span class='ocrx_word' id='word_1_1489' title='bbox 1455 3727 1556 3757; x_wconf 79' lang='lat' dir='ltr'>Paulus</span> <span class='ocrx_word' id='word_1_1490' title='bbox 1574 3727 1722 3766; x_wconf 69' lang='lat' dir='ltr'>Gabrielis‚</span> 
     </span>
     <span class='ocr_line' id='line_1_200' title="bbox 1303 3766 1515 3804; baseline -0.019 -6"><span class='ocrx_word' id='word_1_1491' title='bbox 1303 3767 1383 3798; x_wconf 90' lang='lat' dir='ltr'>Civis</span> <span class='ocrx_word' id='word_1_1492' title='bbox 1402 3766 1515 3804; x_wconf 84' lang='lat' dir='ltr'>Ispalen.</span> 
     </span>
     <span class='ocr_line' id='line_1_201' title="bbox 1299 3805 1598 3845; baseline -0.01 -10"><span class='ocrx_word' id='word_1_1493' title='bbox 1299 3805 1443 3845; x_wconf 80' lang='lat' dir='ltr'>Johannes</span> <span class='ocrx_word' id='word_1_1494' title='bbox 1461 3806 1598 3841; x_wconf 81' lang='lat' dir='ltr'>Gutterii,</span> 
     </span>
     <span class='ocr_line' id='line_1_202' title="bbox 1300 3841 1797 3881; baseline -0.004 -6"><span class='ocrx_word' id='word_1_1495' title='bbox 1300 3845 1434 3875; x_wconf 89' lang='lat' dir='ltr'>Decanus</span> <span class='ocrx_word' id='word_1_1496' title='bbox 1451 3842 1584 3872; x_wconf 83' lang='lat' dir='ltr'>Ecclesiae</span> <span class='ocrx_word' id='word_1_1497' title='bbox 1600 3841 1775 3881; x_wconf 80' lang='lat' dir='ltr'>Segobienfis</span> <span class='ocrx_word' id='word_1_1498' title='bbox 1786 3865 1797 3881; x_wconf 85' lang='lat'>,</span> 
     </span>
     <span class='ocr_line' id='line_1_203' title="bbox 1300 3880 1791 3921; baseline -0.006 -9"><span class='ocrx_word' id='word_1_1499' title='bbox 1300 3885 1341 3912; x_wconf 82' lang='lat' dir='ltr'>Et</span> <span class='ocrx_word' id='word_1_1500' title='bbox 1358 3880 1490 3921; x_wconf 72' lang='lat' dir='ltr'>Magister</span> <span class='ocrx_word' id='word_1_1501' title='bbox 1509 3880 1639 3909; x_wconf 75' lang='lat' dir='ltr'>Robertus</span> <span class='ocrx_word' id='word_1_1502' title='bbox 1657 3881 1791 3918; x_wconf 82' lang='lat' dir='ltr'>Fregandi</span> 
     </span>
    </p>
   </div>
   <div class='ocr_carea' id='block_1_21' title="bbox 1297 3902 2283 3958">
    <p class='ocr_par' dir='ltr' id='par_1_45' title="bbox 1297 3902 2283 3958">
     <span class='ocr_line' id='line_1_204' title="bbox 1297 3902 2283 3958; baseline -0.006 -5"><span class='ocrx_word' id='word_1_1503' title='bbox 1297 3922 1436 3952; x_wconf 61' lang='lat' dir='ltr'>Notarius</span> <span class='ocrx_word' id='word_1_1504' title='bbox 1453 3919 1637 3951; x_wconf 81' lang='lat' dir='ltr'>Canceiiar‘iae</span> <span class='ocrx_word' id='word_1_1505' title='bbox 1653 3918 1779 3951; x_wconf 70' lang='lat' dir='ltr'>Donum</span> <span class='ocrx_word' id='word_1_1506' title='bbox 1797 3902 1936 3956; x_wconf 51' lang='lat' dir='ltr'>sancias</span> <span class='ocrx_word' id='word_1_1507' title='bbox 1951 3916 2109 3956; x_wconf 76' lang='lat' dir='ltr'>Aquitaniae</span> <span class='ocrx_word' id='word_1_1508' title='bbox 2125 3915 2283 3958; x_wconf 66' lang='lat' dir='ltr'>supradicti.</span> 
     </span>
    </p>
   </div>
   <div class='ocr_carea' id='block_1_22' title="bbox 1787 4079 2322 4117">
    <p class='ocr_par' dir='ltr' id='par_1_46' title="bbox 1787 4079 2322 4117">
     <span class='ocr_line' id='line_1_205' title="bbox 1787 4079 2322 4117; baseline -0.004 -7"><span class='ocrx_word' id='word_1_1509' title='bbox 1787 4079 1812 4111; x_wconf 83' lang='lat' dir='ltr'>P</span> <span class='ocrx_word' id='word_1_1510' title='bbox 1830 4088 1847 4109; x_wconf 81' lang='lat'>2</span> <span class='ocrx_word' id='word_1_1511' title='bbox 2260 4079 2322 4117; x_wconf 75' lang='lat' dir='ltr'>Ar-⁷</span> 
     </span>
    </p>
   </div>
  </div>
 </body>
</html>
