2561 4251
52 221 130 252 Ann.
144 218 185 249 D.

81 258 164 299 ¹368.

51 301 119 327 Ἐάν.
141 307 165 334 3.

78 1298 98 1318 0
115 1300 167 1327 VI.

79 1340 144 1366 602.

70 2610 146 2640 Ann.
163 2609 204 2640 D.

97 2649 181 2687 1368.

69 2692 121 2715 Αυ-
138 2699 186 2723 42.

207 147 285 187 1‘50

207 224 301 261 jorem
316 225 398 256 atque
413 214 518 246 Robur
529 212 673 253 praesentes
693 211 755 242 istas
779 209 887 241 Literas
909 206 996 246 Sigilli
1017 205 1105 237 nostri
1130 205 1268 242 Ma'oris,

212 262 267 290 unii
281 268 350 288 cum
365 256 453 294 Signo
468 253 590 291 propriae
606 250 713 281 Manus
727 249 830 279 nostrae
840 271 850 286 ,
867 247 1131 285 Subscriptioneque
1252 244 1256 248 ”

213 296 395 332 infrascripti,
417 292 540 328 jussimus
554 289 736 327 Appenfione
752 287 866 317 muniri.

252 335 359 365 Datum
374 333 403 361 in
419 330 525 360 Palatio
539 329 654 364 nostro,
674 329 702 357 in
719 325 878 356 Obfidione
898 322 996 353 nostrii
1015 322 1094 360 supra
1114 320 1270 350 Civitatem

213 373 403 407 Toletanam,
421 369 465 398 die
481 367 614 398 vicesima
632 365 737 396 Mensis
752 362 945 400 Novembris,
965 361 1053 390 Anno
1067 359 1189 390 Domini
1201 359 1271 388 Mil-

213 414 328 447 lean,
344 407 580 444 Trecentesimo,
598 403 776 443 Sexagesimo
798 401 916 432 octavo
927 423 936 438 ,
959 399 1115 430 secundum
1138 396 1273 435 Compu-

209 451 346 481 tationem
371 446 550 476 Romanam.

290 524 393 555 Tenor
407 531 477 554 vero
494 518 643 550 Potestatis
657 517 801 548 dicitorum
823 515 1045 547 Procuratorum
1067 513 1191 551 sequitui·

629 559 659 587 in
675 557 738 587 haec
751 556 852 594 verba,

262 640 377 677 Arolus,
397 637 455 668 Dei
467 635 587 672 Gratia,
608 634 783 665 Francorum
798 632 883 670 Rex,
898 628 1046 668 univerfis,
1066 628 1213 668 praesentes
1222 626 1272 656 Li-

280 689 348 709 teras
362 676 538 714 inspecturis,
557 673 694 704 Salutem.

248 717 366 748 Notum
381 716 498 745 facimus
533 712 591 743 uod
607 712 690 749 Nos,

247 755 297 786 De
315 753 484 793 Diligentia,
529 751 667 788 idelitate,
685 751 718 781 &
733 744 1079 785 Prudentia,dile<5torum
1094 745 1128 775 &
1142 743 1271 773 fidelium

206 794 388 829 nostrorum,
409 790 545 821 Francisci
561 789 596 819 de
613 788 788 819 Petiliolibus
803 785 992 816 Vicecomitis
1013 783 1050 813 de
1073 783 1159 813 Rode
1179 780 1271 811 Carn-

208 834 311 863 bellani
328 831 462 862 nostri&
482 828 626 858 Admiralli
642 828 786 863 Franci-ae,
803 835 836 855 ac
856 824 994 862 johannis
1012 822 1047 852 de
1071 821 1130 851 Rie
1149 819 1273 851 Domini

206 871 242 902 de
259 872 313 902 Rie
330 870 446 907 Militis,
465 869 497 899 ὃ(
515 866 752 897 Consiliariorum
775 864 954 900 nostrorum,
979 861 1101 901 plenarie
1124 859 1272 889 confiden-

208 919 324 986 tesI'psos
338 946 449 978 nostros
464 944 662 981 consiliarios,
681 943 858 973 Traeiatores
872 961 880 977 ,
908 938 1109 969 Procuratores
1124 959 1134 973 ,
1158 936 1193 967 δε
1217 944 1270 964 no-

209 987 281 1018 stros
295 986 431 1017 Nuncios
444 983 571 1024 speciales
585 982 722 1019 facimus,
739 981 919 1019 deputamus,
949 978 983 1008 &
1003 974 1203 1006 constituimus
1222 982 1272 1011 per

209 1026 374 1066 praesentes,
951 1055 956 1059 ι

249 1064 352 1102 Eisque
365 1063 464 1093 damus
478 1062 512 1092 &
537 1058 724 1090 concedimus
750 1057 863 1094 plenam
883 1055 916 1085 &
939 1054 1056 1084 liberam
1078 1049 1271 1094 Potestatem,

211 1102 438 1137 Austoritatem,
457 1100 490 1130 &
507 1097 678 1128 Mandatum
692 1095 808 1136 speciale
821 1094 856 1124 ad
878 1091 1074 1123 Tractandum
1087 1091 1121 1122 &
1143 1089 1271 1119 Firman-

210 1142 282 1172 dum
293 1164 301 1179 ,
317 1150 369 1178 pro
383 1138 483 1170 Nobis
497 1138 530 1168 ὅ(
543 1135 643 1167 nostro
657 1135 806 1170 Nomine,
825 1130 1058 1170 Haeredumque,
1075 1128 1271 1164 Subditorum‚

209 1181 244 1211 &
261 1178 475 1210 Adhaerentium
491 1175 672 1211 nostrorum,
690 1183 758 1203 cum
774 1171 901 1209 Regibus
913 1169 1152 1207 quibuscumque,
1170 1166 1272 1196 Sacro·
1289 1174 1291 1176 ·
1313 1173 1332 1202 g

211 1219 314 1248 {anit-ae
330 1217 407 1247 Fidei
422 1215 583 1245 Catholicae
598 1212 793 1247 Zelatoribus,
812 1210 892 1247 super
908 1207 1045 1238 faciendis
1058 1206 1167 1243 Paetis,
1185 1203 1269 1234 Con-

210 1256 412 1293 vemionibus,
432 1255 465 1284 Li
488 1255 523 1291 is,
538 1250 854 1286 confoederationibus,
869 1249 903 1279 &
919 1246 1058 1277 Amicitiis
1073 1244 1222 1283 perpetuis,
1236 1242 1271 1273 ad

212 1298 229 1314 ’
250 1295 399 1334 Tempus,
417 1293 462 1323 vel
489 1299 705 1330 inperpetuum,
723 1297 794 1318 cum
809 1285 931 1325 praefatis
950 1284 1081 1322 Regibus
1096 1305 1106 1322 ‚
1125 1283 1158 1313 &
1179 1281 1271 1320 quoli-

209 1336 256 1365 bet
270 1333 413 1373 ipsorum,
434 1330 549 1367 Modo,
567 1327 802 1364 conditionibus,
819 1326 852 1357 &
867 1323 989 1360 Formi,
1006 1323 1107 1361 quibus
1121 1320 1206 1351 dictis
1219 1329 1272 1350 no-

212 1373 273 1441 strgs
291 1371 461 1402 Consiliariis
477 1369 572 1400 utilius
587 1376 640 1405 pro
656 1365 756 1397 Nobis
771 1365 803 1396 &
818 1363 925 1403 Regno
945 1362 1044 1393 nostro
1065 1360 1206 1392 videbitur
1224 1367 1271 1389 ex-

231 1422 247 1442 Ε
268 1422 307 1441 ire

211 1422 230 1453 p
252 1434 380 1480 Nec’non
397 1448 561 1484 Traeiatus,
581 1454 651 1476 curn
665 1442 786 1481 praefatis
802 1441 932 1479 Regibus
952 1450 1002 1481 per
1022 1438 1114 1471 diCtos
1134 1436 1273 1469 Consilia-

212 1490 270 1520 rios
284 1488 395 1518 nostros
409 1488 497 1517 faeios
509 1487 541 1516 &
559 1485 680 1521 inhitos,
695 1482 799 1518 Paera,
819 1479 1051 1517 Conventiones,
1069 1478 1168 1517 Ligas,
1187 1475 1272 1506 Con-

214 1527 430 1563 foederationes,
448 1527 481 1556 &
497 1525 641 1555 Amicitias
656 1529 801 1561 perpetuas
817 1519 979 1558 praedietis,
997 1517 1031 1548 ad
1051 1516 1180 1558 Tempus
1198 1537 1207 1551 ,
1227 1513 1273 1545 vel

215 1565 446 1605 Imperpetuurn,
466 1563 581 1600 Poenis,
593 1559 779 1600 juramentis,
803 1558 1032 1597 stipulationibus
1047 1579 1056 1594 ,
1074 1552 1274 1585 Promiffioni·

213 1605 281 1642 bus,
296 1604 367 1634 Obli
387 1603 545 1639 ationibus,
563 1602 596 1630 &
613 1600 669 1630 aliis
702 1596 896 1634 uibuscunque
909 1595 1106 1626 Securitatibus
1120 1593 1154 1624 &
1172 1592 1272 1622 Firmi-

209 1644 330 1711 ἐπίδυε,
378 1641 537 1678 allandum,
563 1638 685 1670 Munien
707 1647 757 1667 um
769 1659 778 1674 ,
803 1635 1030 1666 Assecurandum
1045 1656 1055 1672 ,
1081 1632 1114 1663 &
1143 1631 1271 1661 Firman-

231 1692 279 1712 um

253 1704 317 1758 AS,
333 1719 368 1750 de
382 1718 544 1755 Tenendo,
562 1714 735 1751 Firmando,
754 1713 786 1744 &
809 1710 925 1742 fideliter
945 1708 1135 1741 Observando
1157 1707 1271 1738 Condi-

212 1759 258 1790 ἀεὶ
274 1760 306 1789 &
320 1757 521 1793 Concordata,
541 1765 589 1793 per
604 1754 696 1783 dststos
709 1751 819 1782 nostros
834 1749 1016 1780 Consiliarios
1029 1749 1062 1779 &
1085 1748 1225 1785 Legatos,
1242 1747 1270 1776 in

212 1797 265 1828 hac
279 1807 372 1834 parte,
385 1795 584 1834 juramentum
598 1793 628 1822 in
646 1792 781 1822 Animam
799 1788 924 1819 nostram
939 1786 1140 1824 praestandum,

254 1836 297 1866 Ac
313 1835 346 1865 ad
360 1835 459 1865 omnia
471 1834 504 1864 &
519 1831 622 1870 singula
636 1828 796 1860 faciendum
806 1850 815 1866 ,
834 1825 1023 1857 exercendum
1039 1849 1049 1864 ,
1068 1825 1101 1856 &
1122 1823 1272 1863 expedien-

212 1874 284 1905 dum
295 1883 359 1912 quae
376 1875 404 1903 in
419 1869 565 1910 praernissis
580 1870 613 1900 &
637 1879 668 1897 ea
687 1865 898 1897 concernentibus
920 1864 1009 1902 utilia,
1037 1863 1204 1901 necessaria,
1226 1862 1270 1892 vel

213 1922 372 1952 opportuna
387 1912 489 1941 fuerint
526 1910 559 1940 &
576 1917 640 1947 quae
656 1906 764 1937 nosmet
781 1904 921 1943 possemus
934 1904 1025 1934 facere
1040 1903 1060 1933 si
1073 1902 1219 1942 praesentes
1231 1901 1270 1932 es—

209 1952 319 1989 -semuS,
337 1952 420 1981 etiam
436 1950 453 1979 ii
471 1932 640 1978 lViandatum
656 1947 765 1984 exigant
778 1944 911 1983 speciale,

252 1990 451 2020 Promitientes
466 1986 550 2023 Nos,
568 1985 618 2015 sub
631 1984 820 2020 Obligatione
835 1982 968 2012 oninium
990 1982 1137 2011 bonorum
1159 1977 1272 2009 nostro-

213 2039 295 2068 rum,
313 2038 365 2068 pro
380 2026 478 2057 Nobis
492 2027 525 2056 ὅ(
539 2023 755 2054 Successoribus
768 2021 879 2058 nostris,
898 2020 1028 2056 Regibus
1042 2019 1178 2056 Franciae‚
1197 2017 1271 2047 Sub·

213 2068 275 2098 ditis
291 2068 322 2098 &
339 2064 570 2100 AdhaerentibuS,
590 2062 694 2092 Ratum
708 2062 740 2092 &
757 2059 901 2096 Gratum,
920 2058 1050 2088 Firmum
1064 2058 1097 2088 &
1112 2056 1272 2087 Stabileha—

215 2107 322 2136 bituros
335 2104 466 2142 quicquid
490 2113 539 2140 per
561 2102 653 2131 dictos
676 2100 787 2130 nostros
810 2097 992 2128 Consiliarios
1014 2096 1122 2127 Affilum
1143 2095 1225 2125 fuerit
1243 2096 1272 2124 in

216 2144 368 2175 Praemiisis
377 2167 385 2182 ‚
404 2143 456 2172 sive
469 2140 594 2171 Gestum
604 2162 612 2177 ,
630 2148 662 2169 ac
677 2149 726 2179 per
740 2137 846 2167 nostras
860 2136 988 2178 Patentes
1002 2135 1106 2166 Literas
1120 2133 1274 2165 confirma-

215 2194 263 2221 re,
282 2183 301 2212 si
316 2184 345 2213 sit
360 2191 450 2218 opus,
469 2181 501 2210 ὃς
519 2180 597 2218 super
610 2179 667 2208 hoc
683 2178 817 2208 fuerimus
833 2175 962 2213 requisiti.

254 2221 364 2251 Datum
377 2220 492 2250 Pariiius
506 2219 551 2248 die
566 2216 679 2247 decima
695 2215 772 2246 nona
784 2213 852 2253 Julii
866 2238 874 2249 ,
902 2214 987 2242 Anno
1008 2211 1134 2242 Domini
1156 2209 1275 2240 Millefi-

216 2270 282 2299 mo,
300 2259 534 2295 Trecentesimo,
552 2256 728 2294 Sexageiimo
739 2254 862 2291 orliavo,
880 2251 976 2291 Regni
989 2252 1059 2282 vero
1073 2249 1162 2280 nostri
1178 2249 1276 2288 Qin-

212 2307 251 2330 to*
848 2331 900 2359 Per
919 2331 1018 2365 Regem
1037 2326 1144 2357 :thoria

218 2464 459 2514 Compromiffiaem
478 2464 606 2496 Henrici
620 2462 691 2505 jam
707 2457 779 2490 difli
794 2456 884 2502 fitper
903 2451 1037 2486 omnibus
1057 2454 1274 2496 Controverfiis,

550 2521 618 2542 cum
645 2511 720 2554 Rege
749 2508 933 2551 arragonie.

221 2598 418 2657 HEnricus,
435 2596 493 2627 Dei
505 2594 606 2634 gratis,
623 2592 688 2623 Rex
702 2590 832 2622 Castellae
846 2591 879 2622 ὃ(
903 2589 1034 2628 Legionis
1049 2611 1058 2626 ,
1085 2586 1215 2619 universis
1241 2587 1275 2618 &

298 2636 422 2676 singulis,
441 2635 584 2673 praesentes
597 2632 703 2662 Literas
716 2629 890 2667 inipeSturis,
909 2628 1041 2658 Salutem.

259 2674 339 2706 Cum
352 2675 514 2713 quicunque
527 2672 585 2701 veri
598 2669 757 2706 Catholici,
776 2668 898 2696 maixime
916 2665 1020 2696 Mundi
1044 2664 1188 2704 Principes
1205 2687 1214 2702 ,
1236 2664 1276 2694 Α-

223 2723 354 2750 morem,
374 2713 553 2748 Amicitiam,
570 2709 693 2745 Pacem,
709 2707 741 2737 &
762 2705 954 2735 Dilectionem
977 2714 1044 2734 cum
1069 2706 1175 2734 caeteris
1195 2703 1277 2734 Prin-

222 2753 331 2791 cipibus
348 2751 485 2781 Fidelibus
501 2749 621 2785 habere,
640 2755 759 2787 ponere,
774 2745 805 2774 ὃ(
821 2744 940 2780 nutrire,
957 2752 1009 2786 pro
1026 2742 1074 2785 suis
1093 2742 1172 2779 posse
1185 2743 1218 2774 &
1234 2743 1276 2772 vi-

221 2792 314 2827 ribus,
333 2799 492 2826 teneantur,
512 2796 541 2817 ut
556 2796 590 2816 ex
605 2786 671 2816 hinc
687 2785 733 2822 ipli
746 2792 815 2813 cum
829 2781 881 2812 suis
896 2781 1019 2812 Subditis
1039 2790 1066 2809 in
1084 2781 1186 2811 iincera
1203 2791 1277 2811 tran-

220 2831 343 2869 quilitate
359 2828 438 2858 Pacis
450 2828 563 2863 vivant,
987 2857 992 2862 .

256 2868 374 2898 Notum
389 2867 506 2897 facimus
520 2862 597 2903 quod
610 2861 694 2899 Nos,
713 2860 877 2891 Amicitiam
891 2857 924 2888 δε
952 2856 1148 2887 ΒιΙεξὶίοηεῐῃ
1163 2882 1172 2894 ,
1198 2857 1276 2887 Sere-

220 2906 325 2936 nissimi
341 2906 479 2943 Principis
491 2906 522 2935 δε
543 2902 632 2937 Regis
645 2901 823 2944 Arragonum
837 2896 1018 2927 desiderantes
1033 2896 1147 2932 intime,
1165 2896 1199 2925 de
1215 2895 1275 2926 De-

221 2945 304 2982 bat0,
325 2943 519 2979 Diffenlione,
537 2942 570 2972 ὃς
586 2938 753 2976 Discordia,
773 2946 837 2975 quae
852 2935 914 2965 sunt
928 2944 975 2964 aut
990 2933 1069 2972 posse
1083 2933 1222 2972 sperantur
1244 2945 1277 2964 o-

220 2984 266 3013 riri
283 2984 354 3020 inter
367 2982 478 3012 dietum
495 2980 612 3016 Regem
625 2978 792 3017 Aragonum
808 2983 841 3005 ex
857 2974 940 3004 Parte
956 2973 1028 3011 una,
1046 2972 1079 3003 &
1095 2972 1162 3002 Nos
1177 2981 1211 3002 ex
1238 2974 1276 3003 al—

220 3021 279 3052 tera
313 3022 341 3050 in
358 3020 530 3057 Arbitrium,
549 3017 749 3052 Voluntatem,
768 3013 1006 3049 Ordinationem,
1031 3020 1114 3048 atque
1136 3009 1277 3048 Dieium,

222 3045 337 3090 Illuiiris
351 3068 384 3089 ac
400 3057 549 3095 Magnifici
562 3055 716 3094 Principis,
736 3052 844 3090 Caroli,
861 3050 958 3093 eadem
974 3048 1078 3089 gratis,
1096 3048 1182 3087 Regis
1190 3049 1271 3079 Fran-

221 3101 293 3138 ciae,
313 3097 413 3128 Fratris
428 3096 517 3126 nostri
533 3093 682 3126 cbariffimi
694 3116 704 3131 ,
723 3091 990 3129 compromiiimus,
1011 3088 1044 3119 &
1066 3088 1276 3125 compromitti-

222 3148 288 3168 mus

261 3161 448 3213 Et’juramus,
468 3174 496 3202 in
511 3173 598 3202 verbo
614 3170 721 3207 Regis,
740 3177 856 3197 necnon
871 3166 950 3205 super
974 3164 1133 3201 Imaginem
1153 3164 1186 3195 &
1210 3163 1278 3194 Me-

224 3216 346 3245 moriam
363 3212 488 3243 Domini
503 3210 589 3240 nostri
614 3209 687 3247 Jehu
710 3205 815 3237 Christi
835 3205 979 3241 crucifixi,
1004 3202 1209 3240 Evangeliaque
1232 3202 1278 3232 sua

222 3253 343 3291 Samira,
360 3250 540 3289 corporaliter
554 3248 656 3278 [aeram
667 3249 699 3276 &
716 3248 790 3275 taeta
806 3268 815 3283 ,
838 3243 1038 3279 Ordinationi,
1065 3241 1228 3277 Voluntati,
1243 3241 1277 3271 ὅ(

224 3292 318 3322 Dicto
330 3290 400 3321 dicti
419 3289 506 3327 Regis
522 3286 665 3322 Franciae,
681 3283 779 3314 Fratris
791 3282 880 3313 nostri
893 3280 1054 3317 charissimi,
1073 3279 1183 3320 penitus
1197 3278 1277 3316 stare,

222 3330 341 3368 ipsasque
355 3327 550 3358 inviolabiliter
565 3324 710 3354 observare
719 3345 727 3359 ,

264 3367 375 3398 Rarum
387 3367 419 3397 &
433 3374 543 3405 gratum
557 3363 585 3393 id
599 3371 674 3392 nunc
690 3361 823 3390 habemus
836 3382 845 3397 ,
871 3358 903 3389 &
928 3357 1096 3388 habebimus
1115 3357 1252 3395 perpetuo
1267 3377 1277 3392 ,

222 3406 360 3446 quicquid
376 3415 423 3443 per
443 3404 553 3434 didium
569 3402 682 3439 Regem
697 3399 840 3434 Franciae,
859 3397 983 3427 Fratrem
1005 3394 1133 3424 nostrum
1155 3392 1277 3423 charissi-

226 3454 326 3481 mum,
342 3443 501 3473 ordinatum
514 3442 593 3479 super
606 3438 688 3469 dieto
703 3436 819 3466 Debato
838 3434 919 3465 fuerit
934 3435 989 3464 sive
1003 3432 1112 3462 dierum
1126 3454 1135 3470 ,
1162 3433 1195 3462 ὃ(
1218 3431 1275 3462 hoc

223 3484 274 3514 sub
285 3482 471 3518 Obligatione
484 3480 616 3509 omnium
631 3476 817 3513 Regnorum,
843 3474 874 3503 δε
897 3473 1044 3503 Bonorum
1068 3469 1227 3500 Haeredum
1244 3470 1278 3500 &

225 3521 444 3557 Success'orum,
462 3519 494 3549 ὃ(
509 3518 616 3553 insuper
631 3516 681 3545 sub
696 3513 811 3550 Poenis,
830 3522 878 3549 per
892 3512 1000 3540 didium
1015 3508 1127 3548 Regem
1142 3508 1165 3538 F
1167 3509 1277 3545 ranciae,

224 3560 351 3590 Fratrem
367 3557 493 3587 nostrum
506 3555 714 3590 chariffimum,
733 3553 766 3583 &
781 3552 836 3588 ejus
856 3550 981 3579 Arbitrio
996 3572 1006 3588 ,
1029 3545 1197 3578 declarandis
1215 3569 1224 3584 ,
1243 3547 1276 3577 &

223 3600 310 3628 etiam
325 3595 514 3635 applicandis,

262 3635 344 3665 Dum
360 3643 455 3664 tamen
470 3633 545 3662 idem
561 3630 627 3660 Rex
644 3630 820 3667 Arragonum
833 3627 862 3656 in
875 3625 986 3656 dieium
1002 3623 1114 3663 Regem
1136 3622 1277 3666 Franciae,

221 3673 349 3703 Fratrem
363 3671 491 3702 nostrum
503 3668 712 3703 charissimum,
737 3666 808 3695 infra
830 3664 943 3695 Festum
965 3662 1167 3694 Purificationis
1188 3661 1277 3690 beatae

226 3711 327 3740 Maria:
344 3710 473 3747 proxime
490 3707 615 3737 instantis
626 3729 634 3743 ,
651 3706 686 3735 de
700 3705 786 3734 Paeto
800 3713 847 3743 per
860 3704 916 3733 suas
941 3702 1059 3740 Literas,
1084 3699 1173 3731 modo
1196 3698 1277 3729 simili

222 3750 445 3787 compromittat.
1158 3775 1163 3780 Ι

267 3786 327 3823 Qui
340 3786 455 3823 quidem
472 3785 537 3815 Rex
551 3783 693 3819 Franciae,
717 3780 812 3809 Frater
832 3779 927 3809 noster
947 3776 1135 3812 charissimus,
1156 3773 1227 3804 infra
1244 3785 1277 3805 u·

225 3833 294 3854 num
310 3824 424 3853 Annum
434 3834 463 3861 ,a
476 3821 676 3853 Purificatione
691 3819 777 3848 beatae
795 3817 894 3847 Mariae
909 3817 1034 3856 proxime
1051 3815 1180 3845 veniente
1193 3822 1277 3843 com-

225 3862 399 3900 putandum,
417 3870 446 3890 ut
463 3862 576 3890 Arbiter
589 3860 624 3888 de
639 3857 696 3887 istis
710 3856 866 3894 praedietis,
884 3856 1024 3886 tenebitur
1038 3853 1183 3889 ordinare,
1199 3851 1277 3881 dice-

222 3911 252 3931 re
289 3900 321 3928 δε
336 3900 529 3935 pronunciare.

261 3922 403 3967 Volumus
416 3946 509 3965 tamen
524 3937 556 3965 δε
573 3934 761 3965 consentimus
778 3932 856 3968 quod
873 3932 947 3961 idem
961 3931 1027 3961 Rex
1049 3928 1190 3965 Franciae,
1209 3926 1276 3956 Fra-

223 3986 265 4008 ter
280 3974 373 4004 noster
387 3973 559 4003 charissimus
582 3996 591 4009 ,
612 3973 721 4002 dietum
742 3971 870 4005 Tempus
892 3980 944 4006 pro
972 3968 1098 3999 Arbitn'o
1145 3974 1276 4003 rorogare

225 4013 309 4054 possit
324 4012 357 4042 δε
372 4011 459 4041 valeat
469 4033 478 4047 ,
497 4020 527 4040 ut
542 4021 593 4047 pro
608 4011 756 4040 ambarum
769 4008 892 4039 Paruum
907 4007 1038 4038 Utilitate
1051 4007 1084 4038 &
1154 4003 1275 4033 mmOdO

226 4054 278 4085 sibi
291 4050 428 4084 videbitur
445 4048 545 4079 melius
557 4049 693 4082 expedire.

641 91 1449 170 CONVENTIONES‚
1504 117 1889 166 LITERAE,

1349 203 1439 241 Quod
1453 203 1474 233 fi
1487 203 1562 234 idern
1576 204 1644 234 Rex
1659 203 1728 234 Arra
1747 213 1840 234 onum
1854 203 2022 235 concesserit
2034 204 2060 234 in
2076 201 2374 242 Praemisfis,volumus
2393 200 2468 232 Ann.
2480 201 2520 232 D.
2551 188 2561 237 3¹]

1188 244 1270 274 orarii
1311 243 1344 273 &
1362 242 1572 280 consentimus,
1592 252 1641 280 per
1657 241 1721 272 Prae
1734 250 1826 280 entes,
1847 242 1928 285 quod
1943 243 2013 272 inter
2034 243 2126 281 ipsum
2149 241 2266 279 Regem
2288 241 2372 271 Arra-
2413 240 2500 281 1368.

1311 290 1438 324 gonum,
1458 280 1491 311 &
1506 280 1608 310 Filium
1624 280 1703 310 suum
1718 278 1945 318 Primogenitum
1956 302 1967 318 ,
1984 280 2014 310 R
2050 292 2102 320 na,
2119 282 2240 319 Terras,
2258 280 2373 311 &Sub-
2392 281 2456 307 Edv.
2475 288 2503 316 3·
2522 305 2534 315 .
2552 295 2555 303 =

1313 320 1387 348 ditos
1401 318 1462 348 suos
1474 328 1508 348 ex
1524 327 1600 356 parte
1613 318 1682 355 uni,
1701 318 1841 358 Nosque,
1860 318 1964 348 Filium
1984 328 2024 348 no
2050 329 2114 349 rum
2137 319 2375 359 Primogenitum,

1315 356 1437 395 Regna,
1455 357 1488 388 &
1502 357 1639 388 Subditos
1655 356 1764 387 nostros
1778 366 1811 386 ex
1834 365 1910 394 parte
1928 355 2013 387 altera
2030 379 2040 395 ‚
2065 367 2176 388 exnunc
2211 357 2376 396 Amicitiae,

1317 395 1510 426 Fraternitates
1544 397 1577 427 &
1593 397 1608 411 ¹
1628 395 1735 434 plenius
1747 394 1815 426 fiant
1832 396 1911 434 Ligae
1932 395 1966 425 &
1985 394 2252 427 Confoederationoe
2275 404 2376 427 contra

1314 433 1494 502 guascunque
1510 419 1661 478 Personas,
1681 443 1746 471 quae
1761 432 1864 473 possint
1877 434 1973 464 vivere
1988 432 2045 464 sive
2060 435 2134 463 mori
2152 436 2284 473 (excepto
2304 444 2376 475 prae-

1318 510 1323 515 *
1337 472 1396 502 ιᾶο
1411 471 1492 512 Rege
1506 473 1630 503 Franciae
1643 472 1738 503 Fratre
1751 472 1850 502 nostro
1864 470 2045 510 charissimo,
2063 472 2096 502 &
2110 471 2325 504 Successoribus
2346 483 2376 503 e-

1312 509 1501 579 ὶζιεᾟτεηειᾳε
1514 510 1661 551 Regibus)
1682 511 1720 542 sic
1735 510 1816 549 qu'od
1831 510 1909 541 idem
1931 510 1997 541 Rex
2016 511 2086 541 Arra
2106 520 2196 541 onum
2211 535 2221 549 ,
2246 520 2293 542 aut
2314 512 2376 543 suus

1342 557 1545 592 rimogenitus,
1562 558 1661 594 contra
1676 549 1788 580 didium
1802 549 1914 588 Regem
1928 549 2071 586 Franciae,
2122 557 2223 580 ratrem
2242 549 2375 582 nostrum

1315 587 1525 632 charilfimum,
1541 587 1663 625 Filium,
1681 597 1778 618 natum
1793 597 1839 618 aut
1854 589 2039 626 nasciturum,
2056 587 2155 619 Primo
2175 588 2301 626 enirum,
2319 590 2378 619 sive

1316 624 1412 665 Regni
1430 625 1560 671 Primum
1576 625 1731 656 Haeredem
1773 626 1911 665 Regnum
1933 649 1942 664 ‚
1973 626 2077 657 Terras
2097 627 2131 657 &
2176 625 2290 657 ubditos
2312 627 2375 658 suos

1315 663 1452 703 Nosque,
1473 665 1575 695 Filium
1592 664 1721 694 nostrum
1761 666 1837 694 rimo
1857 666 1964 695 enitum
1977 687 1987 703 ,
2003 673 2100 696 natum
2120 674 2168 696 aut
2190 664 2375 704 nasciturum,

1315 702 1438 747 Regna,
1456 702 1576 741 Terras,
1594 704 1629 734 &
1643 702 1775 733 Subditos
1786 713 1826 733 no
1853 710 1914 741 ros,
1935 702 2094 742 Guerram,
2119 704 2268 735 Damnum
2284 726 2295 742 ,
2312 702 2375 734 De-

1315 749 1499 780 trimentum,
1519 742 1720 780 Vituperium,
1739 749 1787 771 aut
1807 740 1939 771 Dedecus
1961 751 2021 771 non
2033 741 2156 781 faciant,
2170 743 2309 780 inferant,
2326 750 2375 773 aut

1315 789 1487 824 procurent,
1507 780 1607 818 faciat,
1621 779 1737 816 inferat,
1752 788 1797 809 aut
1811 787 1959 818 procuret,
1974 780 2029 810 sive
2042 779 2118 819 fieri,
2128 780 2235 820 inferii,
2247 788 2293 812 aut
2309 790 2376 821 pro-

1313 828 1402 849 curari
1416 819 1580 856 faciant,aut
1595 818 1675 848 faciat
1690 828 1738 857 per
1752 817 1855 855 alium,
1872 817 2070 856 quovismodo.

1354 857 1447 896 Quod
1462 858 1481 887 si
1498 858 1574 888 idem
1591 857 1655 888 Rex
1672 857 1873 895 Arragonum,
1897 865 1943 887 aut
1965 856 2052 886 Filius
2071 856 2130 895 ejus
2146 855 2374 896 Primogenitus‚

1315 896 1520 926 contrafaciant
1537 896 1635 934 (quod
1648 896 1716 926 absit
1726 902 1735 931 )
1749 904 1795 925 aut
1817 896 1916 933 faciat,
1939 894 2055 926 ceffabit
2074 894 2210 933 praedieta
2231 895 2374 933 Exceptio

1315 934 1371 964 five
1387 934 1572 978 Expe&atio·,
1592 935 1624 964 &
1642 934 1726 970 Nos,
1745 933 1959 972 Primogenitus
1970 932 2065 964 noster
2080 956 2089 971 ‚
2114 934 2171 964 una
2192 942 2263 964 curn
2289 933 2374 973 Rege

1315 973 1457 1017 Francrae,
1477 971 1572 1015 Fratre
1585 971 1685 1003 nostro
1701 971 1878 1012 charissimo,
1895 972 2005 1012 ejusque
2019 971 2232 1012 Primogenito,
2248 980 2316 1002 nato
2329 979 2376 1003 aut

1315 1011 1471 1056 nascituro,
1492 1014 1548 1041 live
1563 1012 1656 1051 primo
1671 1010 1709 1040 sui
1726 1010 1821 1049 Regni
1836 1010 1975 1049 Haerede,
1999 1011 2102 1041 erimus
2115 1033 2125 1049 ,
2151 1019 2235 1048 prout
2256 1010 2349 1041 sumus
2362 1033 2373 1049 ,

1313 1060 1487 1080 unanimiter
1509 1049 1710 1080 Confoederati
1731 1057 1831 1079 contra
1858 1049 1970 1080 dieiuin
1999 1049 2112 1088 Regem
2136 1048 2320 1088 Arragonum
2340 1049 2374 1080 δε

1312 1088 1394 1119 suum
1414 1087 1643 1127 Primogenitum
1661 1087 1828 1126 praedidios,

1334 1126 1383 1171 ‘In
1410 1134 1534 1165 quorum
1559 1128 1694 1158 omnium
1718 1125 1937 1156 Testimonium
1956 1125 2100 1164 praesentes
2122 1125 2185 1156 istas
2204 1125 2311 1156 Literas
2328 1125 2374 1155 Si-

1334 1165 1370 1195 illi
1388 1165 1474 1195 nostri
1495 1165 1614 1201 Maioris
1627 1188 1636 1203 ,
1663 1166 1721 1195 un'a
1739 1174 1807 1195 curn
1825 1165 1908 1202 figno
1926 1165 2048 1204 propriae
2066 1163 2174 1195 Manus
2192 1164 2317 1204 nostrae,
2340 1165 2374 1195 &

1311 1202 1511 1248 subscriptione
1525 1204 1557 1234 N
1560 1205 1639 1234 otarii
1651 1203 1834 1242 infrascripti,
1846 1202 1976 1241 jussimus
1990 1203 2161 1241 appensione
2175 1204 2286 1234 muniri.

1350 1242 1459 1272 Datum
1481 1253 1510 1272 in
1532 1242 1638 1273 Palatio
1660 1241 1760 1272 nostro
1782 1243 1811 1272 in
1831 1242 1993 1272 Obiidione
2011 1240 2109 1272 nostra
2120 1242 2200 1278 supra
2216 1240 2371 1273 Civitatem

1312 1280 1485 1312 Toletanam
1495 1305 1503 1319 ,
1523 1281 1569 1311 die
1581 1281 1710 1312 vicesima
1721 1280 1826 1311 Mensis
1838 1280 2032 1318 Novembris,
2051 1280 2139 1310 Anno
2146 1279 2270 1310 Domini
2277 1280 2373 1311 Mille-

1314 1320 1400 1359 simo,
1418 1319 1649 1357 Trecentesimo,
1666 1319 1843 1358 Sexagesimo
1860 1319 1984 1357 odiavo,
1999 1318 2153 1349 secundum
2171 1317 2372 1358 Computatio-

1314 1368 1382 1389 nem
1399 1358 1579 1396 Romanam,
1597 1358 1692 1398 Regni
1710 1360 1782 1389 vero
1800 1357 1891 1389 nostri
1909 1357 1999 1389 Anno
2015 1356 2126 1388 Tertio.

1810 1434 1899 1475 Ainsj'
1916 1437 2009 1473 Signe,

1904 1514 1964 1542 Nos
1980 1511 2008 1542 el
2021 1514 2086 1553 Rey.

1527 1641 1577 1673 De
1606 1652 1662 1672 non
1686 1638 1828 1672 veniendo
1843 1637 1888 1672 ad
1904 1640 2157 1674 Parliamentum.

2410 386 2426 402 *
2445 385 2499 412 VI.

2415 425 2483 460 603.

1314 1723 1434 1780 REX
1453 1725 1586 1757 omnibus
1604 1724 1713 1756 Ballivis
1729 1724 1762 1755 &
1783 1723 1924 1756 Fidelibus
1945 1723 1996 1756 suis
2008 1748 2018 1763 ,
2040 1724 2076 1756 ad
2098 1734 2169 1764 quos
2183 1748 2194 1764 ‚
2213 1725 2274 1757 &c.
2292 1724 2371 1757 Salu-
2386 1732 2464 1764 Arm,
2480 1731 2522 1766 D·

1385 1772 1453 1794 tem.

2408 1770 2495 1812 1368.

1336 1801 1449 1845 'Sciatis
1469 1802 1566 1842 quod,
1583 1802 1620 1833 de
1639 1801 1723 1842 gratia
1744 1800 1838 1832 nostra
1861 1801 1987 1840 speciali,
2008 1801 2217 1840 conceffimus,
2233 1812 2285 1841 pro
2300 1801 2372 1833 No·
2387 1814 2431 1838 An
2456 1820 2492 1847 4²

1313 1838 1371 1879 bis,
1388 1841 1421 1872 &
1440 1841 1610 1872 Haeredibus
1632 1841 1748 1878 nostris,
1774 1840 1880 1871 dilecto
1902 1841 1934 1871 &
1955 1839 2030 1870 fideli
2050 1839 2166 1879 nostre,
2183 1840 2316 1872 Roberto
2335 1841 2371 1873 de
2388 1853 2419 1878 E.
2433 1834 2455 1886 '3
2497 1833 2505 1838 ’

1313 1876 1418 1923 Insula,
1433 1879 1515 1919 quod
1536 1880 1611 1910 idem
1632 1879 1793 1918 Robertus,
1811 1878 1845 1910 ad
1867 1887 1956 1909 totam
1970 1878 2065 1909 Vitam
2078 1879 2170 1918 suam,
2188 1880 2260 1911 hanc
2274 1880 2372 1911 habeat
2388 1891 2439 1916 pm
2457 1872 2506 1923 [μ.

1314 1917 1488 1949 Libertatem
1507 1918 1674 1955 (videlicet)
1694 1917 1775 1958 quod
1796 1917 1831 1948 ad
1851 1916 2034 1948 Parliamenta
2051 1918 2096 1949 seu
2117 1917 2243 1949 Confilia
2261 1918 2372 1957 nostra,
2387 1930 2415 1953 E.
2435 1935 2448 1963 3

1312 1957 1358 1986 vel
1370 1957 1528 1988 Haeredum
1541 1957 1722 1996 nostrorum,
1737 1966 1771 1988 ex
1784 1965 1965 1996 quacumque
1978 1956 2070 1996 causa,
2084 1957 2181 1989 venire
2195 1958 2313 1988 minime
2328 1965 2370 1987 te·
2381 1970 2407 2001 p,

1311 2004 1425 2035 nentur,

1352 2034 1389 2065 Et
1405 2035 1484 2075 quod
1500 2036 1556 2074 ipse
1570 2036 1599 2066 in
1613 2034 1704 2073 aliqua
1714 2033 1827 2074 Juratzi,
1845 2033 1990 2072 Anineta,
2002 2043 2048 2064 aut
2065 2032 2179 2072 Magna
2195 2032 2375 2072 Affisa,Nos
2389 2012 2399 2030 ι

1314 2074 1359 2104 vel
1381 2073 1517 2104 Haeredes
1539 2073 1651 2104 nostros
1674 2074 1868 2113 tangentibus,
1885 2081 1930 2103 aut
1950 2073 2010 2103 aliis
2028 2072 2147 2112 Juratis,
2163 2073 2310 2112 Attinffis,
2327 2080 2374 2104 aut

1316 2111 1407 2142 Ass‘isis
1423 2113 1662 2152 quibuscumque,
1680 2122 1739 2142 non
1780 2121 1898 2151 onatur‚

1333 2191 1338 2196 .
1355 2151 1504 2190 Qiodque
1521 2151 1693 2190 Justiciarius
1705 2173 1715 2189 ,
1767 2152 1908 2181 icecomes
1920 2172 1930 2188 ‚
1947 2149 2094 2187 Escaetor,
2110 2148 2258 2180 Colledmr
2280 2149 2378 2180 Dena-

1317 2199 1424 2220 riorum
1440 2190 1602 2220 nostrorum
1614 2213 1623 2228 ,
1640 2197 1686 2219 aut
1699 2189 1765 2219 alius
1781 2188 1929 2227 Minister,
1947 2189 1991 2218 {eu
2005 2187 2185 2225 Officiarius,
2203 2187 2311 2226 nostri,
2329 2187 2376 2218 vel

1316 2228 1478 2298 {heredum
1502 2229 1687 2267 nostrorum,
1711 2228 1746 2258 de
1771 2227 1884 2258 Foresta
1909 2226 2001 2258 nostra
2016 2249 2027 2266 ,
2050 2235 2098 2258 aut
2120 2227 2203 2265 alibi,
2223 2226 2378 2257 nullatenus

1339 2276 1383 2305 at,

1356 2306 1425 2336 Nec
1443 2305 1522 2346 quod
1544 2306 1581 2338 de
1599 2304 1749 2342 Decimis,
1768 2303 2016 2344 Qintisdecimis,
2031 2313 2078 2336 aut
2091 2304 2150 2334 aliis
2160 2303 2315 2342 Tallagiis,
2331 2303 2378 2335 seu

1319 2344 1456 2375 Colleffis
1469 2346 1693 2385 quibuscumque
1703 2366 1712 2381 ,
1729 2352 1878 2383 oneretur,

1356 2382 1427 2414 Nec
1446 2384 1479 2414 ad
1500 2383 1703 2415 inveniendum
1724 2381 1866 2412 Homines
1886 2381 1920 2412 ad
1936 2380 2042 2419 Arma,
2058 2380 2246 2419 Hobelarios,
2261 2380 2379 2419 Sagitta-

1316 2423 1373 2452 rios
1382 2445 1391 2460 ,
1410 2430 1456 2452 aut
1477 2432 1526 2453 eos
1538 2421 1712 2453 arraiandum
1726 2421 1781 2450 sive
1795 2420 1976 2458 ducendum,
1997 2429 2052 2450 nec
2066 2421 2099 2451 ad
2112 2420 2294 2451 laborandum
2307 2418 2379 2449 infra

1317 2459 1458 2497 Regnum
1473 2461 1601 2491 nostrum
1617 2460 1661 2491 vel
1676 2467 1767 2497 extra,
1781 2459 1815 2489 ad
1830 2458 2001 2490 Mandatum
2015 2458 2146 2489 nostrum
2159 2458 2205 2489 vel
2218 2457 2379 2488 Haeredum

1316 2499 1498 2538 nostrorum,
1516 2508 1618 2530 contra
1634 2498 1818 2530 Voluntatem
1833 2498 1907 2528 suam
1922 2504 2061 2536 teneatur,

1354 2537 1392 2568 Et
1412 2537 1478 2568 ide'o
1500 2539 1582 2568 vobis
1603 2537 1768 2568 mandamus
1787 2536 1867 2576 quod
1886 2535 2055 2576 praedidium
2077 2535 2257 2572 Robertum,
2277 2542 2377 2565 contra

1316 2576 1390 2620 hanc
1411 2575 1637 2607 Concessionem
1655 2575 1781 2606 nostram
1795 2598 1804 2614 ,
1831 2585 1888 2605 non
1912 2573 2063 2604 molestetis
2082 2575 2112 2604 in
2133 2574 2226 2611 aliquo
2247 2573 2293 2604 seu
2314 2582 2376 2612 gra-

1316 2624 1395 2646 vetis.

1391 2652 1423 2682 ln
1439 2655 1531 2692 cuius,
1550 2654 1610 2685 &c.

1356 2691 1447 2722 Teste
1464 2693 1548 2730 Rege
1567 2691 1641 2731 apud
1657 2689 1965 2728 NVestmonasterium,
1982 2687 2122 2719 vicesimo
2136 2695 2236 2726 quarto
2249 2686 2296 2718 die
2309 2686 2379 2718 No-

1317 2731 1449 2761 vembris.

1774 2767 1828 2796 Per
1840 2768 1933 2795 Breve
1946 2765 1977 2794 de
1991 2766 2110 2794 Privato
2123 2762 2223 2801 Sigillo.

1319 2917 1377 2947 Pro
1393 2914 1526 2959 Episcopo
1548 2911 1736 2954 Bathoniensi
1748 2913 1784 2948 ὠ·
1804 2909 1951 2951 Wllwst,
1969 2908 2061 2953 fhper
2077 2910 2244 2952 Receptione
2262 2904 2376 2938 Fideli-

1519 2965 1613 3003 tatis‚
1636 2961 1892 2999 Renunciationis,
1918 2960 1954 2994 ὠ·
1980 2955 2174 3002 Juramenti.

2426 1973 2452 1992 2.
2468 1973 2506 1992 m.

2407 2012 2435 2040 3.

1318 3045 1465 3107 REX,
1483 3045 1625 3077 cariffimo
1642 3043 1841 3081 Primogenito
1852 3039 1969 3078 nostro,
1987 3037 2131 3071 Edwardo
2146 3037 2270 3078 Principi
2286 3038 2378 3079 Aqui·
2395 3039 2541 3081 Anu—DJ

1399 3087 1483 3115 taniae
1501 3085 1534 3115 ὃ(
1553 3083 1688 3119 Walliae,
1705 3081 1839 3111 Salutem.

2415 3086 2518 3128 1368.J

1357 3123 1449 3153 Grata
1463 3122 1697 3165 Consideratione
1709 3115 2005 3160 pensantes-laudabilia
2019 3116 2052 3148 &
2066 3115 2206 3146 fruetuofii
2221 3115 2379 3156 Obsequia,
2394 3131 2434 3156 An
2458 3137 2506 3164 4²·

1357 3161 1454 3192 Nobis
1476 3164 1506 3190 &
1529 3161 1610 3190 vobis
1630 3168 1696 3198 per,
1722 3155 1920 3188 Venerabilem
1939 3154 2068 3192 Patrem,
2082 3154 2246 3192 johannem
2261 3154 2379 3194 Episco-
2394 3171 2422 3195 13.
2437 3150 2472 3204 ⁰3·

1318 3209 1389 3237 pum
1415 3197 1627 3229 Bathoniensem
1651 3197 1684 3226 &
1709 3195 1882 3225 Wellensem
1895 3217 1905 3232 ,
1938 3192 2147 3224 Cancellarium
2173 3192 2298 3224 vestrum

2346 3195 2375 3224 in
2393 3206 2456 3242 Vasc.
2473 3206 2523 3240 4²2
2560 3242 2561 3247 1

1318 3238 1440 3277 partibus
1459 3236 1634 3280 Aquitaniae,
1652 3234 1735 3278 vobis
1753 3233 1897 3277 lateraliter
1913 3231 2080 3269 assistendo,
2099 3232 2174 3262 circa
2192 3231 2297 3262 salubre
2346 3241 2375 3262 e·
2389 3247 2418 3271 E.
2439 3253 2465 3280 3,

1316 3278 1413 3316 gimen
1431 3284 1515 3305 totius
1536 3274 1670 3304 Dominii
1687 3272 1775 3302 nostri
1793 3271 1899 3302 ibidem
1913 3293 1923 3309 ‚
1956 3271 1990 3301 δι
2007 3270 2120 3301 felicem
2137 3270 2326 3300 directionem
2341 3280 2375 3301 ac
2387 3291 2423 3309 m.
2441 3291 2468 3310 ,η

1316 3314 1525 3352 expeditionem
1553 3312 1701 3343 efficacem
1727 3310 1923 3348 Negotiorum
1945 3307 2108 3338 nostrorum
2135 3308 2169 3338 &
2186 3307 2376 3339 Subditorum

1318 3352 1483 3421 iliostrorsum
1497 3353 1526 3382 in
1541 3351 1660 3391 partibus
1676 3350 1745 3388 iilis,
1760 3349 1860 3388 quibus
1875 3347 2036 3386 vigilantius
2050 3347 2084 3378 &
2098 3345 2230 3377 solicitius
2244 3346 2375 3386 intendit,

1335 3401 1420 3428 mpen
1432 3401 1447 3421 a
1455 3413 1465 3428 ,

1356 3433 1371 3447 ³*
1383 3430 1427 3459 Ac
1448 3429 1596 3466 Dampna,
1613 3429 1647 3459 &
1666 3424 1857 3457 incommoda
1877 3433 1957 3462 quae,
1975 3425 2033 3453 tam
2053 3422 2122 3453 Nos
2139 3422 2331 3461 virisimiliter,
2350 3421 2370 3452 fi
2407 3432 2424 3447 ο
2445 3434 2500 3463 νῐ·

1318 3468 1411 3499 didius
1425 3467 1579 3505 Episcopus
1592 3476 1607 3496 a
1622 3466 1744 3510 partibus
1759 3463 1900 3501 praedistis
1914 3461 2137 3501 recederet,ipso
2152 3461 2277 3505 absente,
2286 3462 2371 3505 quarn
2401 3472 2468 3507 ⁶04·

1319 3507 1395 3536 idem
1415 3505 1586 3545 Episcopus,
1602 3513 1708 3534 ratione
1725 3503 1841 3532 diutinae
1863 3499 1934 3530 diffi
1956 3499 2059 3539 Episco
2079 3498 2138 3530 arsis
2156 3499 2323 3530 detentionis
2341 3508 2371 3529 in

1320 3544 1411 3575 Manu
1424 3543 1519 3574 nostra
1528 3566 1537 3581 ,
1555 3554 1591 3573 eo
1605 3542 1683 3581 quod
1698 3541 1733 3571 ad
1745 3540 1812 3570 Nos
1828 3540 1856 3569 in
1870 3537 2021 3577 Angliam,
2039 3548 2055 3569 a
2088 3537 2262 3568 Fidelitatem
2275 3535 2371 3574 &Ju-

1318 3592 1477 3613 ramentum
1498 3582 1542 3612 sua
1560 3581 1673 3618 Nobis,
1698 3587 1730 3609 ut
1749 3586 1874 3616 tenetur,
1900 3576 2071 3616 praestanda,
2093 3576 2126 3607 &
2148 3575 2370 3606 Restitutionem

1316 3622 1536 3659 Temporalium
1557 3616 1740 3658 Episcopatus
1759 3616 1797 3647 sui
1817 3615 2060 3655 consequendam,
2077 3623 2111 3645 ex
2133 3613 2219 3645 causis
2229 3612 2372 3652 praediffis

1317 3661 1415 3692 venire
1429 3666 1564 3697 nequeat,
1582 3660 1806 3694 incurreremus,
1824 3663 1908 3693 prout
1921 3655 2003 3684 nobis
2017 3651 2205 3694 significi-istis,

1354 3698 1435 3734 Nos,

1355 3734 1567 3766 Praemissorum
1591 3734 1711 3771 intuitu,
1728 3733 1762 3763 &
1783 3732 1824 3762 ob
1836 3731 2006 3769 peculiarem
2019 3727 2220 3765 affeffionem,
2237 3736 2322 3766 quam
2335 3729 2371 3761 ad

1318 3774 1471 3804 Personam
1487 3772 1593 3811 praefati
1610 3771 1747 3812 Episcopi
1761 3769 1866 3802 (Gestu
1881 3769 1929 3799 suo
1943 3765 2086 3803 laudabili,
2103 3766 2136 3797 &
2149 3765 2246 3795 Nobis
2258 3767 2291 3797 &
2307 3767 2370 3799 Vo-

1319 3813 1362 3842 bis
1382 3811 1493 3852 placido
1515 3813 1549 3842 &
1572 3812 1632 3841 tarn
1655 3808 1809 3840 neceffiirio
1823 3831 1832 3846 ,
1857 3806 2016 3845 caeterisque
2033 3804 2084 3834 suis
2102 3803 2207 3833 meritis
2224 3805 2369 3844 condigne

1316 3849 1500 3887 exigentibus)
1521 3850 1701 3886 optinemus,

1355 3888 1392 3918 Et
1407 3888 1544 3927 proinde,
1562 3897 1595 3917 ac
1610 3897 1661 3924 pro
1675 3886 1694 3915 h
1717 3883 1834 3915 'ufinodi
1845 3881 1987 3917 Dampnis
2000 3879 2034 3909 &
2046 3877 2243 3911 Incommodis
2257 3883 2369 3921 penitus

1316 3927 1469 3963 evitandis,
1486 3926 1522 3955 ad
1540 3925 1688 3963 specialem
1735 3930 1852 3961 ogatum
1865 3919 2005 3955 vestrum,
2024 3916 2149 3947 volentes
2163 3918 2271 3958 ipsum,
2288 3921 2369 3958 cujus

1316 3963 1478 4003 praesentia,
1497 3972 1527 3993 ut
1546 3963 1676 3999 affieritis,
1695 3959 1853 3992 commode
1868 3965 1961 3988 carere
1975 3964 2034 3986 non
2047 3955 2180 3996 potestis,
2196 3957 2294 3991 favore
2306 3966 2368 3998 gra-

1316 4001 1386 4033 tioso
1399 4001 1527 4040 prosequi
1540 4000 1592 4032 istfi
1607 4001 1688 4037 vice,
2325 4031 2373 4065 Ad
