2561 4251
631 106 1431 160 CONVENTIONES,

65 203 143 234 Ann-
160 203 202 234 D·
221 212 321 248 dibus,
348 210 381 241 δε
405 205 618 239 Succefforibus
642 204 708 242 suis,
734 211 870 241 tanquam
890 200 987 230 vestro
1008 207 1077 228 vero
1099 196 1235 240 Domino
1248 192 1297 238 'di-

89 241 171 281 1366-
222 251 340 281 <storum
364 248 529 279 Locorum,
548 243 575 273 V
579 244 686 273 illarum
723 242 908 277 Castrorum,
926 239 1107 280 Aldeyarum,
1129 234 1293 266 Fortalitio-

1517 105 1915 158 LITERAE,

1334 193 1386 223 niis
1393 214 1406 236 ⁹.
1436 201 1482 237 uae
1496 191 1559 223 sunt
1572 193 1643 222 inter
1658 192 1782 237 Patriam
1796 193 1830 237 ὃς
1844 191 1977 237 Βοεαιάε
1994 192 2107 238 Biscaye
2125 190 2159 223 &
2178 191 2215 237 de
2236 189 2343 235 Castro
2363 190 2399 235 de
2413 185 2491 217 Ann-
2505 183 2548 214 D·

1333 230 1423 261 Ordia
1444 232 1514 269 bus,
1534 240 1619 268 prout
1633 231 1741 270 plenius
1753 239 1915 262 continetur
1930 241 1961 262 in
1973 231 2139 272 qmbusdam
2163 230 2263 262 Literis
2277 228 2402 261 Patenti-
2436 223 2521 262 13⁶6·

220 140 297 167 120

66 282 136 310 Ἐάν.
155 292 181 319 3.

90 1219 108 1235 ⁸
131 1219 184 1247 Vi.

91 1266 158 1293 5²5·

222 298 286 319 rum
337 287 477 316 ditstarum
500 283 674 320 Terrarum,
696 267 820 317 Patriae,
844 279 876 309 &
905 277 1114 318 Dominiorum
1138 272 1294 316 obediatis,

222 337 257 357 ac
274 311 368 356 eidem
386 322 493 353 solvatis
506 323 604 351 omnia
626 320 769 356 Deveria,
787 317 893 347 faciatis
915 315 1082 351 Homagia,
1101 313 1134 343 &
1156 310 1294 355 praestetis

223 364 373 396 Fidelitatis
385 361 564 399 Juramenta,
583 369 647 397 quae
662 358 727 388 Vos
748 358 779 386 δε
802 353 1022 398 Praedecessores
1040 350 1125 382 vestri
1140 351 1240 381 Nobis
1259 350 1293 380 &

223 400 478 435 Praedecefforibus
493 397 613 436 nostris,
628 396 767 428 Dominis
782 394 928 424 dierorum
942 391 1110 428 Locorum,
1126 390 1293 435 Terrarum,

224 441 325 473 Patriae
334 461 342 475 ,
359 439 390 468 δε
399 437 609 467 Dominiorum
618 459 627 472 ,
646 434 710 465 estis
722 433 832 477 solvere
847 433 879 462 &
889 431 1020 470 praestare
1031 429 1176 468 consueti,
1188 428 1294 466 &quae

228 480 320 510 facere
333 477 366 508 &
381 475 488 507 solvere
501 477 534 506 &
550 474 678 513 praestare
692 481 837 503 tenemini.
865 510 870 515 ⁵
1005 508 1010 513 .
1274 503 1280 509 .

265 516 333 547 Nos
354 515 439 545 etiam
462 514 540 551 Vos,
558 514 591 544 &
615 510 745 543 vestrum
765 509 939 550 quemlibet,
964 515 1103 553 quiramus
1123 505 1156 537 &
1175 503 1296 534 absolvi·

224 563 304 592 mus,
324 563 372 591 per
385 553 549 592 praesentes,
567 552 603 581 ab
614 552 697 581 omni
716 549 867 586 Homagio
888 548 921 578 δε
940 546 1093 591 Fidelitatis
1109 544 1296 586 juramento,

221 603 256 623 ac
271 593 355 624 omni
371 594 426 622 alio
442 591 571 622 Deverio
584 591 617 621 &
633 589 851 627 Superioritate,
868 588 899 617 in
914 596 973 630 quo
981 581 1296 629 Nobis,'Haeredibu·s,

223 639 271 661 aut
296 631 509 661 Succefforibus
531 629 634 659 nostris
651 628 807 664 tenemini,
826 635 873 656 aut
891 625 988 668 essetis
1002 623 1151 666 aliqualiter
1169 620 1295 665 astricti,

222 669 270 700 seu
283 671 368 700 etiarn
384 669 519 708 obligati,
538 667 620 697 dieto
634 690 644 704 ,
660 676 690 697 ut
702 666 815 696 dictum
830 664 888 703 est,
904 662 1067 707 obediendo
1087 661 1231 700 PrinCipi,
1250 668 1294 696 ip-

225 708 362 746 sumque,
382 705 600 746 inperpetuum,
616 714 649 736 ut
672 705 840 736 Dominum
859 703 984 733 vestrum
1000 701 1119 746 'Ligium
1141 698 1296 743 recognos-

225 755 321 777 centes
338 748 370 777 &
387 747 569 785 recipientes,
583 745 661 784 juxta
676 743 775 775 seriem
790 744 824 775 &
837 751 968 774 tenorem
979 740 1120 772 dictarum
1135 738 1295 771 Literarum

224 785 395 816 nostrarum.

263 823 320 862 Et,
339 825 368 854 in
381 822 600 854 Testimonium
614 823 750 852 omnium
770 821 803 852 &
818 819 991 863 singulorum
1013 817 1242 857 praemissorum,
1259 815 1293 847 &

224 862 260 894 ad
275 863 438 902 majoremi
461 862 556 893 sorum
572 860 700 891 Roboris
715 859 897 897 firmitatem,
915 858 1043 896 Sigillum
1063 856 1214 899 nostrum,
1233 864 1294 898 quo

222 902 331 932 utimur
346 902 375 932 in
391 872 508 939 tangus,
528 900 713 931 Praesentibus
726 898 889 937 inpendenti
904 898 934 927 in
948 897 1074 928 Plumbo
1091 896 1123 925 &
1139 894 1204 924 Filo
1217 893 1296 923 serici

224 939 377 987 viridisque
394 939 528 978 Coloris,
548 939 680 969 duximus
701 937 922 978 apponendum,
940 937 974 968 δε
992 934 1096 965 eisdem
1117 933 1187 964 Nos
1202 931 1295 963 Manu

225 980 342 1018 propria
355 979 560 1017 subscripsimus
567 1000 578 1015 ,
976 1014 982 1020 ⁶
1275 1010 1281 1016 ἠ

268 1017 423 1056 Volentes,
446 1019 480 1049 &
501 1017 725 1053 consentientes,
744 1025 777 1046 ac
799 1016 882 1045 etiam
906 1024 919 1045 r
956 1019 1076 1056 uirentes
1097 1010 1178 1049 Vos,
1197 1008 1296 1047 Magi-

228 1055 320 1087 strum
341 1055 508 1095 johannem
528 1056 564 1086 de
586 1055 757 1093 Londonia,
776 1054 932 1085 Publicurri
991 1058 1132 1086 otarium,
1147 1057 1300 1093 quatenus,

226 1094 262 1125 ad
282 1103 446 1134 perpetuam
469 1096 602 1125 omnium
627 1094 851 1133 &singulorum
876 1090 1085 1131 praemissorum
1111 1097 1299 1132 memoriam,

226 1143 296 1172 VOS,
313 1143 380 1164 curn
401 1133 583 1171 praesentibus
601 1133 754 1171 Testibus,
769 1131 955 1170 subscribatis,
971 1127 1169 1168 praesentesque
1189 1125 1298 1157 Literas

227 1171 318 1212 Signo
335 1171 431 1203 vestro
447 1172 532 1203 solito
548 1172 729 1212 consignetis.
761 1210 766 1215 .
1155 1204 1160 1210 ⁸
1221 1204 1226 1210 ,

268 1212 286 1230 *
304 1209 413 1240 Datum
427 1211 501 1250 apud
522 1211 709 1248 Liborniam,
726 1208 871 1240 Dioecesis
890 1205 1115 1248 BurdegalensiS,
1133 1203 1179 1234 die
1198 1203 1299 1235 vicesi-

228 1248 276 1279 ma
292 1248 374 1279 tertii
390 1248 500 1280 Mensis
515 1249 708 1288 Septembris,
726 1248 816 1279 Anno
828 1247 953 1278 Domini
977 1245 1151 1282 Millelimo,
1166 1243 1298 1274 Trecen-

229 1288 349 1328 tesimo,
364 1287 541 1328 sexagesimo
555 1287 641 1319 sexto.

656 1365 843 1398 Praesentibus
850 1388 861 1404 ,

264 1443 472 1476 Praecariffimo
488 1443 715 1482 Consanguineo
734 1443 851 1482 nostro,
1167 1479 1172 1485 ι
1241 1477 1245 1482 ,
1262 1477 1267 1482 ,

264 1486 381 1514 Domino
400 1482 537 1522 Johanne
555 1487 630 1514 Duce
644 1482 815 1523 Lancastriae
824 1506 834 1521 ,
852 1479 968 1512 Illustris
982 1479 1073 1519 Regis
1086 1478 1200 1518 Angliae
1216 1476 1299 1515 Filio,

265 1559 290 1590 E
300 1532 334 1553 ac
349 1522 445 1553 Fratre
457 1522 528 1553 dicti
543 1521 702 1563 Principis,

293 1568 304 1590 t

266 1583 448 1630 Re’verendis
459 1600 488 1630 in
504 1599 623 1630 Christo
638 1598 782 1637 Patribus,

267 1640 387 1668 Domino
406 1638 510 1677 Helia,
529 1638 731 1676 Archiepisc‘opo
750 1635 960 1677 Burdegulenfi,

268 1679 386 1706 Domino
401 1677 544 1706 Bernardo
555 1700 564 1714 ,
582 1675 708 1717 Epistopo
724 1675 908 1714 Xantonenfi,

296 1714 416 1753 ohanne,
435 1715 530 1745 Eleclo
546 1715 721 1753 BathonIenfi
736 1714 774 1750 &
789 1713 909 1754 Wllenfi
919 1736 928 1752 ,

298 1753 403 1782 ohanne
417 1753 542 1783 chandos
551 1777 560 1792 ,
578 1753 815 1791 Constabulario,

297 1800 307 1822 t
322 1791 425 1820 Thoma
442 1794 474 1822 a'e
489 1792 601 1832 Felton,
619 1792 778 1824 Senescallo
788 1815 799 1830 ,

269 1830 445 1869 Aquitaniae,

269 1867 308 1898 Et
323 1867 431 1905 Nigello
447 1869 479 1898 de
490 1871 641 1908 Locreyne,
661 1868 828 1900 Camerario
842 1867 911 1898 dieti
928 1866 1053 1898 Domini
1070 1865 1222 1905 Principis,

270 1906 410 1945 Baldoyno
426 1907 458 1936 de
476 1908 644 1948 Frevvylla,
663 1908 821 1939 Senescallo
836 1906 1038 1944 Xantonienfi,

272 1944 309 1976 Et
328 1945 385 1977 aliis
401 1945 535 1978 Testibus
554 1947 589 1978 ad
607 1946 756 1986 praemiiia.

693 2028 726 2056 Yo
743 2023 770 2055 el
786 2026 850 2065 Rey.

278 2101 317 2134 Et
336 2111 352 2133 e
371 2113 391 2133 o
407 2102 553 2143 Johannes
572 2104 609 2135 de
629 2103 755 2137 London
771 2126 782 2142 ,
808 2099 955 2141 Clericus,
984 2100 1191 2145 wintoniensis
1211 2099 1299 2132 Dioe-

237 2141 304 2171 cefis
321 2163 332 2183 ,
353 2112 489 2173 Publicus
509 2144 689 2175 Audieritate
711 2141 880 2183 Apostolica
901 2142 1041 2173 Notarius
1082 2139 1236 2185 undecima
1257 2140 1303 2170 die

238 2179 346 2211 Mensis
367 2180 530 2221 Februarii,
558 2182 648 2213 Anno
663 2182 791 2213 Domini
811 2181 986 2219 supradidm,
1004 2165 1169 2225 Inditstione
1187 2179 1304 2223 quinta,

237 2217 426 2250 Pontificatfis
440 2243 450 2258 ,
474 2220 648 2252 Sanctiffimi
674 2222 703 2251 in
728 2220 847 2251 Christo
876 2219 964 2251 Patris
985 2220 1018 2251 δε
1046 2219 1171 2250 Domini
1195 2217 1303 2256 nostri,

239 2255 367 2287 Domini
396 2258 513 2290 Urbani
528 2281 538 2298 ,
574 2259 683 2291 Divina
718 2258 905 2290 Providentia
919 2282 929 2297 ,
968 2258 1053 2297 Papae
1079 2259 1204 2298 Qinti,
1241 2257 1301 2288 An-

237 2304 279 2324 no
298 2297 416 2344 quinto,
440 2298 510 2328 infra
531 2297 668 2328 Castrum
690 2297 821 2328 Civitatis
840 2297 972 2336 Baionae,
990 2300 1020 2328 in
1039 2296 1155 2337 Capella
1177 2296 1300 2336 ejusdem

236 2332 346 2372 Castri,
366 2345 421 2366 una
435 2346 503 2367 cum
518 2336 655 2367 Testibus
670 2336 862 2373 infrascriptis,
878 2335 919 2366 fui
935 2336 1055 2374 praesens
1077 2335 1192 2376 quando
1211 2336 1303 2366 dictus

236 2371 389 2403 Dominus
404 2373 469 2405 Rex
483 2374 579 2405 Petrus
592 2375 732 2415 praemissa
742 2376 839 2405 omnia
851 2376 885 2406 &
897 2374 1002 2413 singula
1017 2376 1180 2412 innovavit,
1197 2376 1303 2406 confir-

235 2413 383 2449 mavit‚&
393 2411 562 2449 juramento
576 2414 626 2444 suo
639 2413 768 2452 vallavit,
782 2413 946 2452 tangendo,
966 2415 1085 2451 propriis
1097 2415 1226 2444 manibus
1241 2416 1306 2455 suis,

239 2448 342 2479 Sandta
356 2450 415 2482 Dei
431 2452 599 2491 Evangelia,
619 2453 652 2483 ὅ(
674 2454 789 2490 quando
810 2451 867 2489 ipse
887 2452 1001 2492 proprizi
1019 2451 1113 2483 Manu
1133 2453 1180 2484 sua
1192 2454 1220 2484 se
1241 2455 1305 2485 sub-

237 2487 360 2526 scripsit,
381 2499 485 2529 meque
509 2492 652 2529 requiiivit
672 2491 705 2521 &
726 2490 869 2521 mandavit
891 2499 922 2521 ut
941 2491 1119 2529 praesentibus
1137 2492 1238 2524 Literis
1256 2503 1306 2524 me

237 2525 440 2558 subscriberem
453 2530 486 2560 &
501 2529 621 2569 Signum
636 2539 734 2560 meum
748 2538 922 2569 apponerem
937 2529 1112 2561 consuetum.

316 2603 436 2644 Testes,
455 2607 504 2646 qui
518 2605 627 2638 fuerant
642 2606 790 2645 praesentes
803 2606 838 2637 ad
857 2605 909 2637 ista
923 2607 978 2637 una
992 2616 1127 2646 mecum,
1145 2607 1225 2648 sunt,

281 2684 414 2711 Dominus
431 2684 532 2711 Frater
552 2686 694 2712 Martinus
714 2686 788 2722 Lupi
804 2706 813 2721 ,
839 2681 978 2722 Magister
1000 2682 1116 2715 Militiae
1134 2683 1254 2717 Domus
1273 2686 1310 2717 de

320 2719 466 2750 Alcantara
474 2743 483 2758 ,
503 2721 620 2752 Ordinis
635 2721 827 2753 Cisterciensis
834 2744 844 2760 ,

279 2760 407 2795 Rogerius
423 2761 555 2790 Dominus
569 2761 601 2790 de
614 2759 643 2789 la
660 2763 749 2790 Wara

280 2799 417 2827 Gamecius
435 2798 540 2839 Garfiae
556 2800 588 2828 de
606 2802 704 2837 Royes,
724 2783 826 2837 Nsiles,

279 2835 593 2906 Gaffffgsgeorzgssgidkcze
608 2837 748 2906 ilsf'r'llodre,
768 2837 933 2869 Vexillarius
949 2837 1046 2878 Major
1062 2837 1186 2869 Domini
1200 2839 1310 2879 Sancii,

278 2912 415 2956 Mafheus
431 2886 793 2954 Fernand1·‚gCa’ncellarius
807 2915 894 2955 Sigilli
909 2916 1015 2948 Secreti
1030 2915 1098 2947 dieti
1110 2915 1234 2948 Domini
1248 2918 1309 2950 Re-

281 2959 417 3029 Μξιέἅῖεν
433 2990 535 3020 Paulus
554 2992 708 3032 Gabrielis,
727 2991 809 3023 Civis
823 2992 978 3031 ispalensis,

281 3026 429 3095 {ohannes-
443 3032 581 3069 Gutterii,
600 3031 734 3062 Decanus
747 3031 882 3078 Ecclefiae
895 3032 1025 3071 Segobiae
1034 3055 1044 3071 ,

312 3074 322 3095 t
341 3066 476 3106 Maggster
492 3068 623 3098 Robertus
640 3071 790 3108 Fregand1‚

258 3142 263 3147 ι
283 3103 426 3149 Notarius
441 3105 626 3139 Cancellariae
640 3108 764 3140 Domini
777 3110 835 3141 mei
850 3109 990 3149 Principis
1004 3109 1164 3150 Aquitaniae
1176 3110 1210 3142 &
1226 3110 1311 3142 Wal-

243 3141 292 3171 11ae
307 3143 464 3182 supradiCti.

567 3283 616 3316 De
638 3280 794 3328 Poffiffione
814 3283 974 3320 tradenda.

103 3380 233 3412 ΑΜΒ,
248 3365 469 3422 ΡΕῐῐυεχᾩεὶ
492 3366 602 3413 gratia,
624 3365 690 3397 Rex
712 3366 843 3416 Castellae
863 3370 896 3400 &
918 3369 1069 3414 LegioniS,
1088 3369 1210 3413 Dileffis
1232 3372 1315 3416 nobis

127 3421 211 3460 1366·
253 3404 463 3472 CODominis,
477 3405 605 3444 Johanni
624 3404 779 3445 Chandos,
805 3406 981 3439 vicecomiti
1000 3407 1097 3439 Sancti
1119 3408 1265 3441 Salvatoris
1281 3412 1314 3442 &

105 3462 158 3486 An.
174 3469 221 3493 40,

108 3501 139 3523 E.
162 3505 187 3532 3-

277 3481 281 3485 ·
305 3441 473 3473 nstabulario
494 3445 672 3483 Aquitaniae,
690 3445 820 3475 Thomae
840 3446 876 3475 de
898 3447 1001 3477 Felton
1022 3446 1177 3478 Senescallo
1198 3448 1315 3487 Aquita-

251 3490 326 3519 niae,
346 3480 463 3520 Rogero
479 3481 612 3512 Domino
626 3483 662 3513 de
676 3482 702 3513 la
715 3483 757 3513 W
760 3493 822 3522 are,
839 3483 1019 3516 Gioschardo
1028 3484 1140 3525 Dangle
1147 3485 1318 3518 Mareschal-

108 3538 147 3560 Β
164 3538 219 3563 Au·
254 3518 284 3548 lo
291 3519 476 3562 *Aquitani-te,
494 3520 625 3551 Martino
639 3522 675 3551 de
690 3521 859 3561 Lesquarre,
877 3524 910 3554 ὃ(
927 3523 1055 3554 Geraldo
1074 3523 1110 3554 de
1128 3524 1239 3556 Torcas
1251 3526 1317 3557 Do-

106 3581 172 3608 sagr.

258 3557 388 3625 mirsiolde
403 3557 545 3598 Payauns,
566 3559 722 3599 Militibus,
739 3560 864 3591 Salutem
881 3562 911 3591 iri
927 3572 979 3600 eo,
996 3563 1045 3602 qui
1064 3562 1106 3593 est
1120 3565 1254 3595 omnium
1268 3576 1319 3596 ve-

258 3606 287 3626 ra
321 3606 385 3626 aus.

299 3633 379 3678 Cum
395 3645 465 3672 nos,
479 3635 516 3665 de
528 3635 622 3665 nostra
636 3644 712 3667 certa
727 3636 849 3668 Scientia
865 3639 898 3668 ὃς
921 3638 1030 3676 speciali
1045 3638 1156 3677 Dono,
1172 3650 1205 3670 ac
1224 3640 1320 3680 Regi&⁴

261 3670 432 3703 Donatione
449 3674 483 3703 ὅ(
507 3672 662 3711 Potestate,
686 3675 846 3706 dederimus
865 3686 918 3713 pro
940 3677 1056 3716 Nobis,
1081 3677 1268 3717 Haeredibus,
1285 3682 1319 3711 &

262 3709 474 3742 Successoribus
488 3711 608 3755 nostris,
647 3713 829 3744 raecariffimo
845 3714 1066 3756 Consanguineo
1077 3716 1194 3754 nostre,
1213 3716 1322 3748 Domi-

263 3757 303 3776 no
316 3748 473 3786 Edwardo,
491 3749 604 3779 Illustris
651 3760 666 3779 e
687 3752 707 3780 is
722 3751 833 3790 Angliae
853 3753 1070 3793 Primogenito,
1086 3754 1213 3792 Principi
1231 3755 1324 3793 Aqui-

264 3786 367 3827 ni-aen&
382 3787 512 3826 Walliae,
530 3798 583 3826 pro
596 3787 648 3826 Se,
700 3790 851 3828 aeredibus,
866 3792 899 3822 &
912 3791 1125 3824 Succefforibus
1138 3793 1204 3832 suis,
1222 3803 1255 3824 ac
1265 3795 1324 3825 Or·

268 3822 366 3858 diniO,
386 3824 463 3855 Loca
475 3827 510 3856 de
531 3826 675 3864 Vermeo,
691 3827 727 3857 de
743 3828 860 3866 Vilbau,
877 3830 948 3860 dela
963 3830 1031 3868 Qie
1051 3841 1095 3869 te,

287 3860 411 3903 'Totam
424 3863 563 3905 Terram,
581 3863 721 3904 Patriam,
740 3866 773 3896 &
790 3865 964 3899 Dominium
977 3869 1014 3900 de
1053 3870 1157 3910 iscaye,
1174 3878 1242 3900 cum
1258 3869 1328 3901 Per-

272 3905 395 3929 tinentiis
410 3899 461 3929 suis
476 3904 623 3940 univeriis,

293 3934 460 3979 ‘Castrum,
478 3939 615 3979 Terram,
633 3940 770 3979 Patriam,
788 3943 822 3973 ὃς
837 3942 1012 3975 Dominium
1034 3946 1069 3977 de
1090 3945 1193 3977 Castro
1212 3946 1248 3977 de
1270 3947 1329 3978 Or-

268 3973 404 4012 dialibuS,
423 3984 492 4020 curn
505 3980 639 4009 omnibus
652 3979 703 4009 suis
717 3979 897 4011 Pertinentiis
910 3984 1067 4022 perintegre
1076 4007 1086 4022 ,

311 4012 443 4043 Necnon
467 4014 490 4044 Γ
493 4024 576 4053 erras,
597 4017 698 4056 Villas‚
717 4020 750 4049 ὅ(
765 4018 865 4058 Loca,
886 4029 954 4051 cum
967 4024 1102 4054 omnibus
1113 4032 1214 4054 eorum
1223 4021 1331 4054 Domi-

1333 269 1403 307 bus,
1422 279 1553 301 tenorem
1569 270 1619 307 qui
1634 269 1756 307 sequitur
1770 270 1967 308 continentes,

1333 346 1474 402 PEtrus,
1492 346 1549 378 Dei
1565 345 1670 384 gratia,
1690 346 1757 376 Rex
1769 344 1921 384 Castellae,
1939 346 1972 377 &
1986 345 2139 387 Legionis,
2157 347 2309 386 omnibus,
2326 356 2400 387 prae·

1351 420 1357 426 ,
1392 385 1515 416 sentibus
1528 386 1626 423 pariter
1647 386 1680 416 &
1696 385 1814 423 futuris,
1829 384 1863 415 ad
1884 394 1956 425 quos
1975 387 2121 423 praesentes
2140 385 2244 417 Literae
2264 396 2402 425 pervene-

1335 430 1407 460 rint,
1426 424 1551 454 Salutem
1586 425 1619 456 δε
1633 423 1721 454 fidem
1736 424 1886 462 plenariam
1901 423 2082 464 praesentibus
2095 424 2232 455 adhibere.

1373 462 1475 501 Cum,
1493 472 1527 492 ex
1542 447 1842 493 Confoederationibus
1865 463 1898 493 &
1921 463 2077 502 Alligantiis
2097 462 2215 502 Regum
2233 463 2267 494 &
2281 472 2401 503 magno-

1335 510 1400 530 rum
1422 500 1591 540 Principum
1609 524 1618 539 ,
1641 502 1728 540 quieti
1752 500 1933 540 Reipublicae
1957 501 2078 540 provide
2104 501 2280 540 consulatur,
2305 504 2356 540 &,
2371 503 2401 532 in

1335 548 1474 578 magnum
1491 539 1612 578 justitiae
1634 540 1668 571 &
1688 539 1769 570 Pacis
1789 540 1808 559 ²*
1833 539 2028 579 Obsequium,
2050 539 2214 571 scandalosis
2236 549 2399 572 occurratur
2417 529 2437 549 ⁴

2415 266 2485 294 Edv.
2504 274 2517 301 3
2524 287 2530 292 .

2458 530 2512 557 VI.

1336 577 1490 616 Periculis,
1508 576 1568 613 &a
1582 585 1665 617 prout
1681 576 1786 618 fipra,
1805 581 1835 609 in
1853 582 1943 609 carta
1964 582 2146 618 Donationis,
2163 577 2244 619 usque
2260 577 2318 609 haec
2335 589 2401 610 ver-
2418 578 2435 605 5
2440 570 2483 596 ²⁶·

1338 616 1375 646 ba
1381 627 1392 655 ,·
1413 621 1476 648 viz.

1374 694 1442 726 Nos
1469 695 1608 731 (volentes
1630 694 1796 733 praedidiam
1815 694 2032 736 Donafionem,
2046 697 2081 729 δε
2102 696 2200 727 omnia
2221 704 2354 728 contenta
2371 698 2403 728 in

1336 733 1453 772 eadem,
1471 734 1640 765 Executioni
1656 734 1761 765 debitae
1773 733 1947 772 demandari)
1967 735 2066 765 damus
2084 736 2117 766 &
2132 735 2334 774 concedimus,
2354 746 2404 766 au-

1336 771 1466 804 thoritate
1482 772 1670 804 Praesentium
1682 796 1692 812 ,
1707 773 1805 811 vobis,
1824 774 1858 804 &
1874 772 2005 804 vestrum
2019 773 2152 813 cuilibet,
2174 784 2208 806 ac
2228 775 2313 805 etiarn
2327 784 2403 812 prae—

1336 811 1459 851 cipimus
1472 812 1505 843 &
1521 812 1686 843 mandamus
1701 813 1830 850 quatinus
1843 811 1954 842 dictum
1964 811 2144 851 Principem,
2161 813 2206 843 seu
2221 814 2279 851 ejus
2291 811 2404 845 Procu—

1337 858 1476 889 ratorem,
1494 859 1540 881 aut
1556 850 1771 889 Procuratores,
1788 851 1899 889 ponatis
1912 851 1946 881 &
1963 851 2101 882 inducatis
2113 852 2142 881 in
2158 861 2253 882 veram
2286 853 2401 891 realem,

1336 889 1371 920 &
1386 890 1580 929 corporalem,
1596 889 1766 927 naturalem,
1785 890 1819 920 δε
1841 889 1957 920 civilem
1970 888 2178 921 Poffeffionem
2199 890 2233 921 &
2252 875 2403 930 Sayzinam

1337 929 1470 958 omnium
1484 929 1519 960 ὅτ
1535 928 1710 965 singulorum
1723 927 1890 966 Locorum,
1908 927 2045 959 Villarum
2078 927 2247 959 Castrorum
2283 929 2407 968 Aldeya-

1339 975 1421 1005 rum,
1435 967 1470 998 &
1485 967 1696 997 Fortalitiorum
1708 966 1851 997 ‹ii-starum
1860 966 2033 1005 Terrarum,
2051 951 2171 1006 Patriae,
2190 969 2224 999 &
2241 951 2405 999 Dominio-

1339 1013 1422 1044 rum,
1440 1007 1473 1037 &
1486 1007 1619 1037 omnium
1634 1006 1752 1035 aliarum
1766 1014 1878 1043 rerum,
1895 1015 1945 1043 per
1958 1005 2027 1036 Nos
2044 1006 2140 1037 eidem
2159 1006 2359 1038 concessarum
2371 1007 2407 1038 fi-

1340 1052 1378 1073 ve
1390 1043 1575 1084 donatarum,
1593 1045 1625 1074 &
1642 1045 1671 1074 in
1688 1043 1769 1074 dietis
1783 1043 1884 1073 nostris
1899 1043 1999 1075 Literis
2019 1054 2234 1085 contentarum,
2252 1054 2321 1076 cum
2339 1055 2406 1076 om-

1340 1082 1423 1112 nibus
1437 1083 1489 1113 suis
1500 1082 1686 1120 Redditibus,
1705 1081 2023 1125 ExitibusaCensibus,
2040 1084 2178 1124 Agreriis,
2195 1083 2407 1122 Proventibus,

1341 1119 1519 1152 Hominibus
1542 1121 1744 1161 Quaestiahbus
1763 1122 1797 1152 &
1816 1121 1958 1160 asteuatis,
1973 1121 2007 1152 &
2027 1123 2162 1154 omnibus
2180 1123 2237 1154 aliis
2259 1122 2408 1161 Deveriis,

1339 1169 1521 1199 quaecunque
1531 1160 1612 1200 sunt,
1625 1169 1797 1199 quocunque
1811 1161 1933 1190 nomine
1946 1161 2123 1199 censeantur,
2139 1162 2169 1191 in
2188 1163 2406 1201 quibuscunque

1341 1197 1442 1230 Rebus
1455 1200 1621 1238 consistant,
1640 1200 1673 1230 δε
1687 1209 1756 1229 cum
1777 1198 1901 1236 ipsorum
1916 1198 2041 1238 Sporlis,
2061 1199 2254 1239 Laudamino,
2267 1210 2350 1231 mero
2370 1211 2405 1232 ac

1342 1238 1435 1268 mixto
1453 1238 1594 1277 Imperio,
1614 1238 1666 1268 altri
1679 1236 1773 1268 media
1787 1238 1820 1268 &
1836 1237 1911 1269 bassa
1921 1237 2143 1277 Jurisdiffione,
2155 1241 2234 1278 juxta
2253 1242 2405 1271 continen-

1341 1277 1410 1307 tiam
1425 1277 1459 1308 &
1472 1286 1605 1308 tenorem
1624 1276 1781 1307 Literarum
1795 1275 1955 1307 nostrarum
1971 1277 2191 1317 peaedin‘hrum,

1380 1314 1553 1347 Mandantes
1564 1318 1597 1348 &
1613 1316 1787 1354 injungentes
1804 1316 1937 1346 omnibus
1953 1315 2121 1354 judicibus,
2139 1316 2284 1356 Scabinis,
2301 1317 2407 1357 Alcay—

1341 1353 1398 1393 dis,
1421 1354 1578 1392 Maioribus
1599 1354 1739 1385 Villarum
1755 1355 1789 1385 ὃς
1806 1354 1977 1394 Locorum,
1995 1354 2187 1394 Reetonbus,
2215 1355 2408 1395 Consulibus,

1341 1394 1376 1425 ὅ(
1398 1393 1663 1431 Gubernatoribus,
1688 1394 1721 1424 &
1746 1394 1882 1423 omnibus
1902 1393 2078 1433 Nobilibus,
2095 1396 2128 1426 &
2153 1395 2350 1433 lnnobilibus,
2371 1397 2408 1428 δε

1342 1429 1469 1470 Plebeis,
1487 1434 1628 1473 utriusque
1641 1431 1748 1469 Sextis,
1762 1431 1909 1462 dictorum
1926 1431 2094 1472 Locorum,
2113 1431 2284 1465 Castrorum
2321 1434 2410 1466 Villa-

1343 1480 1425 1509 rum,
1444 1471 1675 1510 Fortalitiorum,
1690 1471 1724 1502 &
1743 1470 1912 1511 Aldeyarum
1934 1471 2074 1503 (licitarum
2094 1472 2270 1511 Terrarum,
2288 1457 2410 1514 Patriae,

1341 1509 1376 1540 &
1391 1508 1618 1550 Dominiorum,
1636 1520 1685 1549 per
1698 1509 1783 1548 Nos,
1801 1518 1833 1540 ut
1848 1511 2046 1549 praemittitur,
2071 1510 2152 1542 dieto
2168 1512 2301 1542 Domino
2324 1512 2410 1546 Prin-

1343 1549 1401 1586 cipi
1418 1547 1602 1581 Donatorum
1611 1572 1621 1588 ,
1639 1551 1672 1581 &
1687 1549 1717 1579 in
1731 1547 1872 1589 praedietis
1885 1548 1986 1579 nostris
2002 1549 2104 1580 Literis
2118 1549 2290 1581 Donationis
2302 1551 2409 1582 nostrae

1342 1595 1566 1628 contentorum,
1583 1588 1683 1628 quibus
1697 1598 1767 1626 nos,
1783 1596 1884 1619 tenore
1891 1588 2090 1627 praesentium,
2108 1590 2318 1629 injungimus&
2327 1600 2410 1621 man-

1343 1625 1442 1656 damus
1456 1636 1590 1667 quatenus
1603 1628 1697 1658 eidem
1711 1626 1807 1657 Princi
1829 1628 1854 1664 i,
1872 1635 2006 1666 tanquam
2028 1637 2129 1658 eorum
2152 1627 2286 1659 Domino
2301 1628 2410 1668 Ligeo,

1345 1664 1499 1705 obediant,
1518 1674 1648 1704 pareant,
1666 1667 1699 1696 &
1720 1666 1798 1696 interi
1820 1674 1883 1704 ant,
1902 1664 2071 1704 Ipsumque,
2087 1665 2222 1698 Haeredes
2243 1668 2277 1699 &
2294 1667 2411 1699 Succes-

1345 1703 1435 1743 sores,
1454 1707 1592 1745 perpetuis
1606 1704 1801 1742 temporibus,
1819 1712 1850 1734 ut
1871 1713 1974 1734 eorum
1986 1715 2086 1736 verum
2103 1704 2271 1737 Dominum
2294 1705 2411 1745 Regem

1345 1745 1568 1783 recognoscant,
1586 1753 1619 1774 ac
1632 1744 1724 1774 eidem
1737 1741 1845 1774 solvant
1859 1743 1956 1773 omnia
1970 1742 2110 1781 Deveria,
2127 1744 2229 1775 faciant
2249 1744 2412 1785 Homagia,

1346 1782 1381 1811 &
1399 1781 1532 1821 praestent
1555 1782 1700 1813 Fidelitatis
1717 1781 1900 1820 juramenta,
1923 1790 1986 1818 quae
2006 1782 2055 1821 ipfi
2075 1782 2108 1812 &
2130 1781 2350 1814 Praedecessores
2369 1784 2411 1815 sui

1346 1819 1447 1852 Nobis
1460 1822 1493 1852 &
1509 1820 1767 1852 Praedecefforibus
1781 1819 1897 1859 nostris,
1915 1818 2052 1850 Dominis
2072 1820 2221 1852 dictorum
2242 1822 2411 1862 Locorum,

1345 1858 1524 1899 Terrarum,
1546 1860 1649 1891 Patriae
1664 1882 1673 1898 ,
1696 1860 1730 1891 ὃ(
1751 1858 1980 1897 Dominiorum,
1997 1860 2060 1890 sunt
2078 1858 2204 1898 solvere,
2222 1860 2256 1891 &
2280 1860 2412 1899 praestare

1346 1898 1475 1930 consueti
1509 1901 1542 1930 &
1556 1909 1620 1938 quae
1633 1899 1745 1936 facere,
1761 1897 1886 1935 solvere,
1901 1897 1935 1928 &
1951 1897 2080 1936 praestare
2091 1906 2238 1938 tenentur,

1384 1936 1467 1968 Nam
1483 1923 1552 1969 Nos
1566 1937 1680 1969 eosdem
1702 1936 1845 1967 Homines
1866 1937 1900 1967 &
1920 1935 2055 1967 Vaffallos
2076 1938 2215 1974 quiramus
2238 1938 2270 1969 &
2293 1936 2415 1970 abiblvi-'

1345 1983 1427 2014 mus,
1445 1977 1479 2007 &
1494 1977 1650 2016 quemlibet
1663 1975 1803 2014 ipsorum,
1822 1984 1872 2013 per
1885 1976 2050 2014 praesentes,
2067 1976 2104 2006 ab
2117 1977 2201 2006 omni
2215 1975 2364 2016 Homagio
2377 1978 2412 2009 &

1346 2013 1498 2046 Fidelitatis
1509 2015 1693 2055 juramento,
1709 2015 1743 2046 &
1757 2015 1839 2045 omni
1854 2013 1910 2044 alio
1925 2013 2072 2053 Deverio,
2090 2014 2288 2054 Superioritate
2301 2017 2335 2048 &
2351 2016 2413 2048 Re-

1344 2055 1537 2094 cognitione,
1557 2055 1585 2084 in
1621 2064 1660 2085 uo
1671 2052 1786 2091 Nobis,
1802 2052 1993 2092 Haeredibus,
2011 2053 2044 2084 &
2069 2053 2281 2085 Succefforibus
2294 2053 2413 2094 nostris,

1349 2100 1510 2124 tenerentur
1530 2094 1564 2125 &
1577 2104 1593 2124 e
1619 2102 1666 2123 ent
1682 2093 1835 2130 aliqualiter
1855 2091 1976 2129 astricti,
1994 2091 2040 2122 seu
2052 2093 2138 2122 etiam
2156 2093 2295 2131 obligati,
2313 2095 2414 2132 dieto,

1345 2139 1376 2161 ut
1391 2131 1502 2163 dietum
1515 2132 1572 2171 est,
1589 2131 1754 2162 obediendo
1767 2130 1914 2170 Principi,
1928 2131 2076 2171 ipsumque
2089 2134 2230 2170 perpetuo
2244 2132 2293 2163 fibi
2302 2132 2412 2164 Domi*—

1345 2179 1418 2200 num
1433 2170 1549 2211 Ligium
1561 2169 1806 2211 recognoscendo:

1383 2208 1494 2240 Dantes
1505 2211 1539 2242 &
1551 2209 1741 2242 concedentes
1755 2208 1960 2239 nichilominus
1972 2209 2054 2240 vobis
2062 2232 2071 2247 ,
2089 2208 2123 2240 &
2139 2209 2257 2241 cuilibet
2269 2209 2414 2250 vestrum,

1346 2246 1460 2286 plenam
1477 2249 1511 2280 ὃς
1525 2250 1642 2281 liberam
1654 2246 1828 2279 Potestatem
1843 2248 1916 2284 ipsos
1935 2247 2082 2278 Homines
2103 2249 2137 2279 &
2158 2247 2309 2288 Vallalloe,
2324 2260 2412 2281 manu

1346 2287 1470 2326 armata,
1487 2289 1521 2320 &
1536 2298 1605 2319 cum
1620 2287 1792 2325 Excercitu,
1809 2287 1829 2317 si
1843 2287 1874 2316 in
1890 2286 2035 2324 praemiffis
2050 2286 2183 2318 Rebelles
2203 2289 2238 2319 δε
2259 2287 2412 2319 Contradi-

1346 2325 1441 2356 &ores
1457 2328 1617 2366 extiterint,
1631 2325 1799 2363 arrestandi,
1817 2325 1965 2363 capiendi,
1982 2326 2015 2356 ὃς
2031 2326 2167 2356 omnibus
2187 2328 2240 2357 viis
2254 2327 2288 2356 &
2301 2327 2411 2366 modis,

1329 2365 1447 2408 *quibus
1459 2364 1518 2396 fieri
1531 2367 1652 2404 poterit,
1671 2364 1865 2404 compellendi
1875 2363 1909 2394 ad
1923 2363 2034 2394 die‘cum
2055 2365 2220 2395 Dominum
2243 2364 2411 2404 Principem

1347 2403 1556 2443 obediendum,
1574 2406 1608 2436 &
1622 2415 1651 2435 ut
1665 2404 1744 2435 suurn
1758 2402 1922 2433 Dominum
1943 2402 1979 2433 Li
2000 2413 2066 2433 eum
2082 2403 2360 2443 recognoscendum,
2377 2405 2413 2436 &

1347 2440 1383 2471 ad
1399 2443 1574 2482 tenendum,
1591 2442 1837 2482 perimplendum,
1853 2442 1886 2473 &
1897 2442 1978 2472 invio
1988 2442 2093 2473 abiliter
2106 2443 2330 2480 observandum,
2348 2453 2414 2474 om-

1347 2481 1394 2510 nia
1408 2482 1441 2512 &
1455 2482 1559 2521 singula
1573 2483 1603 2512 in
1617 2482 1699 2513 dietis
1714 2482 1815 2513 Literis
1829 2480 2002 2510 Donationis
2015 2480 2118 2511 nostris
2131 2489 2284 2520 contenta,

1386 2517 1456 2549 Nos
1472 2522 1551 2551 enim
1567 2520 1678 2551 Rarum
1694 2521 1727 2552 ὅτ.
1744 2518 1869 2550 Gratum
1882 2519 2037 2558 habemus,
2052 2530 2086 2551 ac
2109 2529 2157 2559 per
2177 2523 2245 2551 etuo
2268 2520 2413 2552 habituros

1350 2559 1560 2598 promittimus,
1587 2559 1722 2598 quicquid
1748 2567 1797 2597 per
1817 2567 1885 2594 VOS,
1903 2566 1950 2588 aut
1976 2558 2094 2588 alterum
2117 2562 2165 2589 vei
2181 2558 2264 2596 rum,
2288 2559 2413 2598 factum,

1351 2597 1548 2637 compulsum,
1565 2597 1611 2628 seu
1624 2598 1680 2628 alio
1695 2597 1786 2627 modo
1799 2595 1927 2635 quolibet
1941 2595 2038 2626 aetum
2053 2597 2174 2627 fueritin
2188 2597 2342 2633 praemiffis.

1390 2633 1424 2665 In
1437 2646 1560 2674 quorum
1573 2637 1705 2667 omnium
1719 2636 1752 2666 &
1769 2635 1941 2674 singulorum
1955 2634 2164 2672 praemifforum
2179 2635 2395 2667 Testimonium
2405 2660 2414 2675 ,

1351 2674 1386 2704 δε
1400 2674 1434 2704 ad
1448 2675 1571 2716 ipsorum
1585 2677 1722 2713 majorem
1736 2673 1867 2704 Roboris
1879 2673 2057 2711 firmitatem,
2076 2674 2127 2704 hiis
2145 2676 2326 2712 praesentibus
2346 2675 2415 2706 Nos

1352 2721 1438 2742 manu
1452 2714 1547 2745 nostri
1559 2713 1783 2751 subscripsimus,
1801 2713 1834 2743 δε
1849 2712 1953 2742 eisdem
1961 2711 2091 2751 Sigillum
2104 2713 2233 2744 nostrum
2242 2712 2417 2745 Plumbeum

1352 2751 1383 2780 in
1419 2753 1533 2783 endenti
1547 2753 1679 2784 duximus
1692 2750 1906 2791 apponendum.

1421 2790 1543 2830 olentes,
1561 2793 1595 2824 &
1610 2790 1819 2828 concedentes,
1836 2799 1869 2821 ac
1884 2790 1968 2820 etiam
1982 2791 2155 2829 requirentes
2168 2801 2237 2830 vos,
2247 2790 2417 2831 Magistrum

1348 2827 1515 2867 johannem
1528 2830 1563 2860 de
1580 2829 1726 2867 London,
1742 2828 1902 2859 Notarium
1915 2828 2086 2867 Publicum,
2104 2831 2250 2868 quatinus,
2270 2831 2304 2860 ad
2320 2839 2418 2869 perpe-

1352 2875 1431 2897 tuam
1444 2869 1578 2900 omnium
1591 2870 1624 2900 ὃ(
1641 2868 1818 2906 singulorum
1832 2866 2043 2904 praemissorum
2055 2869 2224 2898 memoriam
2236 2890 2246 2906 ,
2265 2868 2418 2904 v0s‚cum

1352 2907 1534 2944 praesentibus
1553 2907 1705 2944 Testibus,
1729 2906 1920 2944 subscribatis,
1939 2905 2138 2944 praesentesque
2151 2905 2256 2937 Literas
2263 2906 2354 2946 Signo
2367 2916 2418 2937 ve-

1353 2944 1412 2975 stro
1425 2945 1508 2977 solito
1523 2947 1600 2977 confi
1621 2946 1700 2976 netis.

1390 2982 1501 3015 Datum
1515 2985 1588 3023 apud
1629 2983 1789 3020 iborniam,
1807 2982 1854 3012 die
1874 2982 2006 3012 vicesima
2023 2982 2102 3010 tertia
2120 2980 2310 3022 Septembris,
2327 2982 2418 3014 Anno

1353 3024 1480 3058 Domini
1492 3023 1663 3061 Millesimo,
1679 3020 1914 3058 TrecentesimO,
1930 3019 2108 3058 Sexagesitno
2120 3019 2216 3060 sexto,

1777 3096 1980 3135 Praeseritibus,

1390 3176 1599 3210 Praecariffimo
1612 3174 1834 3212 Consanguineo
1840 3173 1955 3212 nostro,
1973 3176 2090 3217 pomino
2096 3173 2229 3218 Johamfe
2237 3178 2330 3218 ,Duce
2337 3179 2419 3206 Lan-

1393 3254 1419 3286 Ε
1433 3215 1553 3256 castriae,
1570 3213 1685 3244 illustris
1700 3213 1788 3252 Regis
1804 3213 1915 3253 Angliae
1929 3212 2019 3250 Filio,
2037 3223 2070 3244 ac
2077 3212 2171 3244 Fratre
2183 3213 2256 3245 dieti
2263 3213 2416 3254 Principis:

1421 3263 1431 3285 t

1393 3277 1568 3325 Re’verendis
1583 3292 1613 3322 in
1626 3289 1745 3321 Christo
1758 3289 1901 3328 Patribus,

1395 3335 1511 3363 Domino
1525 3330 1623 3367 Helia,
1640 3329 1770 3368 Archiepi
1783 3338 1841 3367 copo
1858 3328 2027 3366 Burdegalen
2037 3339 2066 3367 1,

1394 3374 1511 3402 Domino
1525 3369 1682 3408 Bernardo,
1702 3370 1756 3406 Epi
1768 3376 1824 3406 copo
1839 3369 2001 3397 Xanelonen
2012 3378 2038 3404 1,

1397 3408 1546 3448 Johanne,
1566 3407 1661 3437 Electa
1674 3406 1854 3447 Bathonienst
1866 3404 1904 3440 &⁴
1921 3404 2058 3447 Wllenfi,

1399 3447 1530 3486 Johanne
1545 3446 1684 3485 Chandos,
1702 3445 1938 3484 Constabulario,

1395 3484 1669 3563 {Z‘lllltgnollssffmon’
1685 3483 1861 3522 Senescallo,
1948 3561 1954 3566 v
1990 3560 1996 3565 t
2057 3559 2063 3566 .
2104 3560 2111 3566 θ
2135 3560 2152 3566 n

1399 3564 1418 3583 *³
1438 3561 1547 3600 Nigello
1561 3561 1594 3591 de
1613 3563 1737 3601 Loreyn,
1755 3558 1912 3590 Cameraro
1927 3559 1997 3591 dieti
2015 3558 2183 3599 Principiis,

1400 3601 1539 3640 Baldoyne
1556 3601 1588 3630 de
1606 3598 1747 3637 Frevilla,
1763 3599 1920 3630 Senescallo
1936 3597 2150 3637 xanctonenii,

1400 3640 1439 3672 Et
1454 3640 1510 3671 aliis
1524 3638 1662 3670 Testibus
1674 3637 1709 3669 ad
1723 3637 1873 3677 praemissa.

1813 3718 1846 3745 Yo
1863 3714 1904 3744 ΕΙ
1919 3716 1982 3755 Rey.

1407 3793 1446 3824 Et
1462 3802 1517 3833 ego
1526 3792 1671 3832 Johannes
1683 3792 1720 3823 de
1732 3792 1874 3831 London,
1891 3791 2022 3834 Clericus
2027 3810 2038 3826 ‚
2053 3787 2257 3834 wintoniensis
2271 3786 2424 3833 Dioecefis,

1370 3831 1507 3862 Publicus
1527 3832 1692 3862 auctoritate
1713 3830 1880 3869 Apostolica
1902 3829 2064 3870 Notarius,
2085 3825 2234 3870 undecima
2254 3828 2300 3874 die
2317 3827 2423 3872 Menlis

1370 3871 1530 3907 Februarii,
1544 3870 1632 3900 Anno
1652 3870 1778 3900 Domini
1798 3867 1971 3910 supradidto,
1987 3863 2158 3908 Indidtione'
2172 3874 2286 3909 quinta,
2302 3866 2423 3911 Ponti-fi}

1370 3908 1467 3946 catus,
1483 3908 1656 3955 San&.iffis¹ssi
1669 3910 1699 3938 in
1721 3906 1841 3953 Christo
1863 3906 1966 3972 Plsstris,
1982 3901 2160 3971 8⁶⁷meAE
2178 3903 2281 3949 nostri,
2300 3903 2424 3972 Domifm

1371 3946 1513 4014 ἕέςῗῗὲἒᾶ
1522 3946 1653 4015 38ῗὲιῇ
1667 3946 1862 4024 Ρὲἓγᾚὲῗξ’ῗᾶ
1881 3949 2137 4024 οἶῖῗιιέᾞῗᾶἲέςω
2159 3949 2341 4024 2:311‘355535
2354 3952 2426 4010 ¹0¹¹„ss

1372 4022 1507 4055 Testibus
1525 4023 1718 4062 infrascriptis,
1736 4021 1777 4052 fui
1803 4018 1922 4058 praesens
1944 4018 2058 4057 quando
2080 4018 2171 4050 didius
2189 4016 2425 4086 ΒοωωυεΡέξΥεκ

2398 4068 2428 4088 us

2459 3567 2479 3587 θ
2502 3566 2551 3595 Vi.

2446 3614 2508 3639 527.
